3500 5498
797 535 836 604 33

712 616 924 627 ffl—

167 757 268 800 unum
292 740 498 820 eundemque
521 749 653 822 poetam
677 749 819 802 statuere
842 740 1015 803 debuisset.
1055 737 1183 802 Eodem
1207 751 1375 822 praeterea
1397 741 1464 804 iure

166 849 268 910 schol.
305 849 519 912 Theocritum
554 852 751 933 cognomine
774 850 884 912 Bionis
917 859 1070 913 vocatum
1105 870 1174 913 esse
1211 860 1354 914 statuere
1378 861 1464 916 recte

166 939 304 1039 poterat.
352 959 465 1040 ltaque
488 961 654 1024 Fritzschii
678 963 811 1043 quidem
847 961 1063 1040 explicatione
1088 981 1126 1022 ea
1150 960 1248 1022 schol.
1274 963 1373 1024 verba
1397 982 1464 1024 om-

166 1069 244 1130 nino
269 1090 332 1131 non
369 1070 601 1135 dilucidantur:
638 1081 785 1153 tempore
820 1071 919 1151 longe
952 1070 1128 1132 vetustiore
1164 1082 1236 1134 orta
1269 1081 1318 1134 est
1348 1071 1464 1157 iliade

166 1179 334 1241 Theocriti
360 1181 556 1260 cognomine
580 1183 747 1244 sententia.

273 1289 440 1352 Fritzschii
476 1299 586 1353 autern
618 1291 805 1372 opinionem
840 1310 932 1354 suam
967 1290 1042 1353 lecit
1066 1289 1101 1353 C.
1128 1290 1296 1372 Hartung,
1321 1291 1376 1371 qui
1404 1309 1464 1352 »ea

165 1398 266 1459 verba
290 1399 431 1461 conflata
455 1419 544 1462 esse«
571 1413 682 1462 censet
706 1421 726 1462 a
749 1400 859 1473 schol,
902 1401 974 1481 aqui
999 1420 1072 1464 cum
1096 1400 1220 1462 videret
1243 1399 1395 1463 nonnulla
1420 1400 1462 1460 in-

165 1509 245 1568 certi
268 1510 408 1570 auctoris
432 1509 574 1570 carmina
598 1510 727 1572 inscribi
754 1511 934 1593 Θεοκρίτου
956 1501 976 1594 ἢ
1001 1509 1135 1592 Μόσχου
1158 1509 1249 1572 litera
1273 1506 1292 1591 ἢ
1315 1509 1463 1589 neglecta

165 1637 277 1678 recens
302 1628 420 1699 poetae
444 1639 563 1682 nomen
588 1621 646 1682 sibi
669 1621 819 1705 finxit‹¹).
867 1621 934 1684 Sed
959 1622 1044 1682 idem
1067 1619 1190 1693 schol,
1229 1628 1264 1683 ut
1289 1619 1462 1699 Hartungii

165 1727 356 1808 opinionem
379 1749 573 1804 sequamur,
612 1729 652 1791 de
685 1727 882 1792 Bioneorum
916 1750 1047 1811 quoque
1083 1730 1270 1793 auctoribus
1305 1728 1355 1810 (cf.
1383 1751 1409 1792 e.
1433 1751 1459 1791 c.

165 1838 242 1918 epit.
269 1837 391 1924 Adon.)
426 1839 566 1904 dubitari
590 1839 687 1905 vidit:
725 1859 780 1902 cur
804 1839 937 1900 tandem
974 1841 1072 1921 elegit
1108 1858 1293 1920 cognomen
1317 1838 1459 1914 Moschi;

165 1948 314 2028 neglecta
337 1960 485 2029 preterea
507 1950 598 2012 litera
621 1945 641 2032 ἥ
662 1947 817 2012 Moschus
841 1987 884 1995 —
905 1947 1100 2012 Theocritus
1130 1970 1212 2012 unus
1235 1959 1335 2031 poeta
1361 1958 1460 2012 statu-

164 2058 269 2120 endus
291 2070 368 2122 erat.

273 2166 380 2236 Schol.
404 2179 514 2232 autem
537 2170 656 2243 verba,
683 2171 728 2232 uti
752 2170 921 2250 leguntur,
954 2170 999 2232 ita
1022 2179 1109 2232 certe
1133 2169 1348 2250 intellegenda
1372 2180 1456 2243 sunt,

166 2288 201 2339 ut
225 2277 435 2342 Theocritum
458 2280 535 2341 olim
560 2280 732 2342 Moschum
758 2279 956 2361 appellatum
981 2300 1052 2342 esse
1075 2289 1254 2343 statuamus
1270 2281 1308 2363 ²);
1341 2281 1368 2340 si
1391 2279 1459 2342 Mo·

164 2387 279 2450 schum
302 2399 435 2470 poetam
459 2391 658 2471 cognomine
674 2388 840 2452 Theocriti
866 2401 1059 2454 exornatum
1083 2411 1154 2453 esse
1178 2389 1321 2470 intellegi
1345 2391 1458 2470 possit,

164 2501 338 2578 explicatio
360 2499 510 2563 facillima
534 2510 619 2563 esset
643 2501 742 2565 haec:
766 2498 918 2580 legebant
940 2501 1146 2580 grammatici
1163 2499 1289 2562 Moschi
1313 2501 1456 2561 carmini·

164 2610 224 2673 bus
257 2607 391 2692 Μόσχου
429 2611 606 2694 Θεοκρίτου
639 2611 846 2688 inscriptum;
883 2611 1049 2672 Theocriti
1086 2620 1196 2674 autem
1232 2629 1350 2672 nomen
1384 2610 1459 2672 ideo

162 2722 328 2784 adiectum
341 2741 421 2796 esse,
436 2732 471 2784 ut
485 2697 654 2782 Moschum
668 2741 738 2782 esse
750 2732 918 2801 poetam
935 2720 1099 2784 bucolic
1109 2743 1127 2783 u
1138 2739 1171 2780 m
1182 2717 1207 2802 ³)
1222 2719 1454 2801 designaretur,

165 2832 369 2906 nesciebant;
395 2832 469 2893 dein
493 2852 534 2893 eo
558 2831 721 2914 progressi
744 2842 828 2906 sunt,
854 2842 890 2894 ut
905 2831 1117 2894 Theocritum
1135 2839 1269 2909 poetam
1284 2829 1458 2893 Moschum

162 2940 362 3024 appellatum
387 2962 458 3003 esse
482 2953 670 3006 statuerent.
720 2941 785 3004 Sed
809 2942 932 3014 fateor,
969 2942 1053 3003 hanc
1076 2939 1347 3021 explicationem,
1384 2960 1459 3004 cum

162 3051 369 3115 difficultates
405 3071 519 3114 omnes
554 3072 621 3115 non
653 3051 766 3124 tollat,
804 3073 843 3113 ne
878 3051 956 3112 mihi
990 3051 1122 3132 quidem
1157 3051 1306 3112 arridere.
1354 3050 1458 3115 Multo

163 3163 281 3225 rectius
304 3171 445 3224 statuere
470 3163 547 3224 mihi
571 3165 705 3234 videor,
741 3171 776 3226 ut
810 3162 917 3222 statim
946 3181 1052 3223 meam
1076 3162 1267 3242 opinionem
1296 3162 1456 3224 audacem

162 3292 223 3332 nec
259 3281 389 3344 tamen,
425 3273 470 3334 uti
506 3293 624 3355 spero,
659 3273 748 3334 omni
783 3271 1069 3334 verisimilitudinis
1103 3271 1213 3352 specie
1236 3281 1400 3333 carentem
1424 3271 1455 3331 in

162 3381 307 3444 medium
341 3381 524 3462 proferam,
560 3383 771 3446 Theocritum
806 3393 839 3443 et
866 3379 1058 3454 Moschum,
1095 3381 1150 3460 qui
1185 3389 1320 3443 vocetur
1356 3389 1456 3462 poeta

162 3490 348 3564 bucolicus,
385 3512 484 3556 unum
521 3494 725 3575 eundemque
750 3512 820 3554 esse
855 3500 1030 3554 auctorem.
1079 3489 1226 3552 Similem
1263 3490 1457 3552 sententiam

161 3612 236 3663 ante
259 3601 320 3663 hos
355 3603 522 3681 octoginta
556 3623 657 3665 annos
691 3605 755 3666 iam
791 3601 923 3685 protulit
947 3601 997 3662 Fr.
1024 3597 1233 3683 Schlegel⁴),
1268 3618 1368 3677 quam
1403 3598 1457 3660 diu

160 3712 304 3792 sopitam
329 3732 413 3776 nunc
437 3714 530 3774 novis
553 3713 725 3774 defendam
750 3711 958 3793 argumentis.

273 3983 290 4052 ¹)
309 3985 391 4037 Carol.
414 3989 545 4052 Hartung:
565 3988 731 4051 Quaestiones
750 3987 893 4037 Moscheae.
930 3985 963 4035 D.
984 3984 1005 4033 I.
1027 3984 1099 4031 Bonn
1123 3981 1195 4046 1865.
1216 4001 1241 4048 p.
1262 3995 1286 4043 9.

269 4076 288 4144 ²)
309 4079 451 4131 Fabricius:
471 4083 623 4132 bibliotheca
641 4097 738 4147 graeca.
759 4079 806 4128 vol.
827 4079 873 4144 lll.
894 4095 918 4143 p.
940 4076 998 4138 766.

268 4168 289 4234 ³)
310 4171 373 4221 Rem
392 4174 543 4222 simillimam
562 4175 690 4224 adnotavit
709 4173 770 4222 Otto
786 4172 852 4235 Jahn
879 4168 920 4238 (Α.
940 4169 1017 4218 Persii
1036 4168 1128 4216 Flaccii
1153 4168 1281 4215 satirarum
1307 4164 1376 4213 liber.
1397 4178 1455 4212 cum

158 4263 238 4312 schol.
257 4265 353 4327 antiqq.
374 4265 412 4314 ed.
433 4266 464 4314 0.
480 4266 553 4329 Jahn.
575 4270 646 4315 Bonn
669 4264 742 4326 1843.
763 4265 876 4329 prol‘egg.
897 4280 922 4327 p.
943 4261 1036 4309 XXXI.
1058 4268 1110 4309 not.
1126 4257 1174 4326 t.);
1197 4257 1308 4320 ·Quodsi
1327 4256 1368 4305 bic
1388 4253 1455 4323 (Cal-

158 4354 272 4422 purnius)
292 4337 318 4404 ih
337 4357 391 4404 cod.
412 4359 488 4408 Vind.
510 4369 611 4408 vocatur
636 4356 848 4406 Theocritus
872 4355 931 4403 Cal
941 4371 956 4418 p
967 4354 1022 4401 hur
1031 4353 1062 4400 ni
1071 4369 1085 4400 u
1095 4367 1120 4410 s,
1140 4349 1337 4414 comparandum
1349 4348 1452 4407 videtur,

158 4449 231 4512 quod
251 4448 276 4496 in
295 4448 370 4497 codd.
390 4450 538 4513 quibusdam
558 4453 656 4500 Persius
675 4451 817 4499 nominatur
841 4448 979 4496 Persius
1006 4443 1192 4502 Lucillius,
1212 4449 1237 4490 ut
1260 4448 1357 4506 praeter
1376 4439 1419 4504 sg.
1443 4451 1452 4486 t

158 4542 201 4590 lls.
225 4553 248 4588 ο.
268 4541 294 4588 in
312 4541 369 4588 cod.
389 4541 495 4590 Vindeb.
515 4547 592 4593 chart.
612 4559 661 4592 sec.
680 4541 736 4592 XV.
758 4557 782 4588 n.
804 4551 863 4599 224.
888 4551 907 4587 1.
931 4539 956 4587 in
982 4535 1126 4584 Endlicheri
1144 4533 1267 4597 catalogo.

265 4629 286 4700 ⁴)
306 4633 429 4682 Athenaei
440 4633 539 4697 ephem.
559 4635 608 4684 vol.
631 4633 769 4685 Ill.1800.
793 4647 819 4696 p.
838 4643 897 4692 230,
913 4631 956 4678 ubi
969 4644 1029 4678 sane
1047 4627 1144 4692 scripsit
1161 4624 1293 4688 Schlegel.,
1318 4622 1452 4672 Moschum

156 4734 259 4792 poetam
278 4733 366 4790 postea
384 4727 543 4776 Theocritum
564 4725 647 4793 (uDer
660 4721 869 4791 Gotterwithltet)
889 4722 1044 4788 appellatum
1064 4735 1125 4768 esse.
1157 4715 1250 4764 Contra
1266 4715 1387 4764 Wissowa
1405 4715 1422 4763 l.
1436 4715 1454 4764 1.
