3500 5498
163 718 282 780 Exitus
317 721 447 798 quoque
482 715 644 778 Theocriti
680 718 828 779 carminis
862 717 963 780 XVII.
1001 718 1042 779 ad
1073 716 1258 786 Callimachi
1294 718 1460 800 exemplar

163 829 369 911 compositus
392 837 458 893 est:

326 931 403 996 Call.
429 955 474 995 vs.
499 951 559 1012 94:
591 949 705 1020 χαῖρε
737 935 886 1021 πάτερ,
917 939 1012 1020 χαῐδ
1043 930 1163 1014 αὖθι,
1201 937 1289 1003 δίδου
1311 934 1460 1022 δᾶρετὴν

1122 1043 1151 1112 τ’
1175 1043 1297 1128 δεφενδς
1319 1071 1354 1113 τε

326 1151 396 1220 οὔτ’
420 1152 540 1239 ἀρετῆς
564 1150 642 1237 διτερ
666 1153 761 1236 ὄλβος
784 1155 954 1221 ἐπίσταται
979 1152 1099 1240 ἄνδρας
1122 1154 1236 1242 ἀέξειν,

324 1260 394 1356 or'lr'
419 1261 518 1349 ἀρετὴ
541 1261 684 1346 ἀφένοιο.
709 1265 828 1331 δίδου
851 1263 1043 1351 δ’ἀρετήν
1065 1290 1106 1333 τε
1129 1269 1196 1332 καὶ
1218 1264 1351 1348 ὄλβον.

324 1375 460 1440 Τὴεοεελ
479 1397 525 1438 vs.
551 1390 620 1454 135.
644 1389 759 1460 χαῖρε
783 1372 884 1460 ἄναξ
907 1380 1147 1461 Πτολεμαῖε·
1173 1383 1269 1442 uehar>
1292 1375 1383 1466 δ’έγῲ
1404 1373 1458 1442 ἶσα

1121 1489 1176 1551 καὶ
1200 1483 1312 1552 ἄλλων

322 1594 483 1678 μνιέοομαι
506 1591 662 1679 ἡμιθέων,
688 1595 791 1660 δοκέω
814 1592 920 1672 δ’έπος
942 1593 1003 1661 οὐκ
1027 1593 1217 1682 ἀπόβλητον

323 1705 504 1789 φθέγξομαι
527 1705 718 1788 ἐσσομένοις·
743 1705 900 1790 ἀρετήν
922 1729 964 1790 γε
985 1704 1125 1790 μὲνέκ
1149 1707 1250 1783 Λιδς
1273 1707 1411 1772 αἰτέω.

157 1816 248 1878 Nam
272 1816 345 1878 ideo
368 1817 562 1879 Theocritus
584 1812 705 1900 ἀρετήν
728 1819 745 1880 i.
772 1838 798 1879 e.
825 1819 975 1879 virtutem
1001 1819 1133 1899 expetit,
1159 1820 1235 1900 quia
1267 1819 1297 1881 in
1331 1828 1457 1881 antece·

158 1925 314 1988 dentibus
341 1927 449 1988 multis
479 1927 587 1989 verbis
619 1927 659 1988 de
690 1927 839 2009 Aegypti
867 1923 956 2012 ὄλβῳ
988 1929 1114 1990 locutus
1145 1937 1209 1990 est:
1243 1927 1457 1992 Callimachus

156 2037 293 2117 quidem
317 2039 348 2098 in
375 2040 557 2103 universum
581 2038 622 2099 de
644 2037 691 2098 sui
717 2038 800 2117 regis
823 2038 971 2118 potentia
993 2048 1025 2100 et
1048 2038 1166 2101 virtute
1189 2038 1324 2115 dixerat,
1350 2040 1457 2120 itaque

156 2167 227 2227 quo
252 2148 356 2228 magis
379 2147 586 2212 confirmetur
609 2149 715 2210 oratio
732 2149 840 2209 omnia
863 2147 978 2210 iterum
995 2148 1164 2230 amplexus
1188 2150 1314 2230 expetit
1329 2144 1458 2231 ἀρετήν
1508 2147 1510 2154 ’

156 2278 195 2320 τε
218 2257 273 2320 καὶ
297 2252 395 2336 ὄλβον
411 2257 432 2341 ¹)
491 2259 678 2322 Antecessit
707 2258 840 2340 quidem
869 2259 978 2339 aliquo
1011 2259 1110 2320 modo
1140 2259 1313 2332 Homerus,
1348 2260 1457 2338 quiin

156 2366 224 2432 Od.
249 2367 333 2429 XIII.
361 2384 413 2447 45.
448 2367 529 2430 haec
559 2368 675 2433 habet:
707 2369 778 2432 θεοὶ
809 2363 958 2451 δ’ἀρετὴν
987 2365 1144 2432 ὀπάσειαν
1168 2367 1175 2456 ξ]
1199 2370 1369 2453 παντοίην,
1403 2369 1457 2432 καὶ

154 2477 239 2560 μήτε
260 2477 365 2542 κακὸν
385 2479 580 2563 μεταδήμιον
602 2476 666 2562 ely:
699 2489 843 2540 attamen
867 2478 932 2539 noli
956 2479 1088 2540 credere
1112 2479 1198 2541 illum
1222 2479 1329 2541 locum
1352 2475 1456 2541 Theo-

157 2589 240 2651 crito
265 2589 472 2653 obversatum
498 2611 576 2653 esse.
626 2590 709 2651 Nam
734 2599 803 2651 tum
827 2590 895 2650 sine
919 2589 1020 2651 dubio
1043 2598 1075 2651 et
1098 2590 1167 2671 ipse
1192 2609 1264 2651 eam
1281 2588 1456 2651 clausulam

156 2700 322 2777 proverbii
346 2700 418 2762 loco
442 2701 619 2762 adiecisset.
668 2700 836 2762 Praeterea
851 2708 961 2760 autem
983 2708 1075 2762 tanta
1091 2699 1258 2762 Intercedit
1281 2699 1455 2762 similitudo

156 2811 241 2870 inter
270 2807 378 2871 locum
411 2810 662 2874 Callimacheum
694 2821 727 2871 et
760 2809 999 2881 Theocriteum‚
1031 2818 1066 2870 ut
1095 2808 1180 2870 hunc
1211 2810 1341 2891 quidem
1367 2808 1455 2872 Calli·

154 2920 326 2994 machum,
358 2941 422 2983 non
451 2921 632 2983 Homerum
655 2921 816 2981 Imitatum
849 2939 921 2981 esse
951 2920 1158 2981 statuendum
1181 2920 1238 2985 sit:
1268 2921 1456 3002 composuit

153 3029 334 3093 clausulam
358 3033 471 3094 iisdem
495 3032 560 3094 sere
591 3031 697 3093 verbis
727 3038 824 3110 atque
846 3028 1062 3092 Callimachus
1092 3039 1125 3092 et
1154 3051 1193 3092 ne
1222 3040 1288 3092 tres
1321 3031 1452 3113 quidem

153 3159 268 3202 versus
299 3142 367 3203 sine
397 3163 492 3205 causa
524 3142 638 3204 iisdem
661 3141 812 3224 explevit,
836 3141 992 3222 quoniam
1016 3138 1229 3202 Callimachus
1254 3141 1329 3202 inde
1352 3161 1381 3205 a.
1404 3161 1449 3202 vs.

153 3267 208 3329 94.
233 3250 348 3313 latiore
371 3262 504 3334 pectore
527 3253 691 3333 suspIrans
714 3272 753 3313 ea
777 3270 862 3332 quae
878 3260 953 3313 sunt
968 3271 1045 3312 sane
1068 3252 1253 3330 expetenda
1277 3251 1454 3332 expetiuit3

155 3362 287 3422 invocat
311 3361 421 3423 Iovem
452 3363 545 3424 sicuti
568 3361 784 3424 Callimachus
814 3372 847 3423 et
875 3361 991 3424 eodem
1022 3361 1087 3423 fere
1119 3360 1330 3434 hemistichio,
1364 3361 1453 3442 quod

155 3479 205 3531 est
230 3470 378 3532 uItImum
412 3473 499 3550 apud
530 3482 711 3553 utrumque,
749 3472 857 3534 omnia
892 3470 1126 3554 complectitur.
1179 3471 1292 3553 Itaque
1323 3491 1361 3533 ne
1391 3470 1454 3534 hoc

153 3581 288 3660 quidem
320 3582 433 3655 cred0‚
475 3582 684 3644 Theocritum
717 3603 776 3644 suo
804 3583 907 3644 Marte
938 3581 1073 3644 exordio
1105 3591 1138 3643 et
1168 3581 1254 3644 exitu
1292 3583 1454 3643 imitatum

154 3710 227 3751 esse
251 3688 391 3771 hymnos
415 3691 625 3776 Homericos;
651 3691 884 3755 Callimachum
900 3713 957 3754 eos
973 3693 1133 3754 imitatum
1150 3712 1220 3754 esse
1246 3692 1454 3753 manifestum

154 3799 283 3861 videtur
311 3821 390 3873 esse,
419 3800 505 3864 hunc
533 3822 611 3863 vero
640 3812 672 3865 et
700 3805 744 3864 ita
782 3801 921 3882 hymnos
952 3801 1145 3864 Homericos
1180 3801 1373 3863 Theocritus
1404 3775 1454 3864 est

155 3911 317 3975 imitatus:
349 3911 393 3973 ita
427 3932 494 3973 rem
525 3931 596 3974 sese
628 3912 748 3975 habere
779 3913 1050 3992 comprobabunt,
1086 3913 1117 3973 ni
1149 3931 1201 3973 me
1231 3911 1309 3974 fallit
1341 3912 1454 3994 opinio

154 4020 385 4100 praeiudicata,
412 4042 451 4084 ea
473 4041 557 4101 quae
581 4033 769 4104 sequuntur.

263 4129 450 4193 Simillimus
479 4133 596 4194 deinde
624 4134 776 4194 transitus
804 4133 846 4195 ad
881 4152 948 4193 rem
981 4133 1185 4214 propositam
1221 4132 1253 4194 in
1287 4131 1453 4214 utriusque

155 4239 304 4301 carmmis
327 4244 498 4319 prooemio
522 4252 629 4318 extat;
664 4240 893 4304 Callimachus:
923 4241 959 4305 ἐν
984 4241 1063 4324 δοιῇ,
1089 4241 1199 4323 inquit,
1224 4241 1311 4325 polla
1334 4241 1451 4324 θυμός,

155 4346 225 4412 ἐπεὶ
248 4348 341 4432 γένος
363 4346 580 4436 ἀμφήριστον,
615 4352 666 4414 alii
699 4353 784 4414 enim
810 4353 840 4413 in
873 4353 930 4415 Ida
955 4341 1074 4427 monte,
1108 4354 1158 4415 alii
1188 4353 1219 4415 in
1243 4353 1385 4415 Arcadia
1419 4364 1452 4418 te

268 4535 285 4606 ¹)
305 4540 382 4588 HIsce
395 4538 534 4590 Stoicorum
548 4540 688 4590 doctrinam
706 4537 845 4608 αὖτάρκης
862 4535 877 4603 ἡ
896 4535 976 4609 hiperi
997 4536 1066 4608 προς
1085 4537 1270 4608 εὐδαιμονίαν
1289 4540 1453 4606 perstringere

158 4631 328 4680 Callimachus
354 4631 451 4682 videtur
469 4634 499 4681 A.
520 4633 710 4683 Chlebowslrio:
740 4635 771 4683 de
790 4634 939 4684 Callimachi
964 4635 1058 4698 hymno
1085 4636 1110 4683 in
1136 4634 1229 4684 lovem.
1255 4649 1336 4697 progr.
1365 4633 1456 4698 gymm

160 4723 255 4774 Ro'ssel.
279 4722 354 4789 1879.
375 4741 399 4792 p.
419 4739 462 4788 4¹·
