3500 5498
909 535 948 600 δῖ

282 737 313 814 in
338 749 476 814 similem
500 770 641 813 errorem
664 769 871 824 recurramus,
897 771 993 832 quem
1018 751 1175 831 interpres
1198 757 1291 810 vetus
1317 737 1380 808 iam
1405 734 1575 827 reprehen

283 861 350 929 dit:
372 857 432 926 οὐκ
455 859 608 944 ἠδύλλιου
630 857 721 944 παρὰ
742 859 783 925 τὸ
804 856 882 944 ἥδω,
906 860 946 925 τὸ
968 857 1173 943 simpulum).
1209 856 1441 941 Copiosissime
1464 865 1574 918 autem

284 969 325 1033 de
349 972 415 1033 eius
446 971 536 1033 vocis
567 971 700 1034 notione
735 981 768 1033 et
790 972 820 1032 vi
845 971 911 1051 egit
941 992 971 1038 v.
995 971 1026 1036 d.
1052 967 1167 1042 Christ,
1201 969 1254 1050 qui
1287 987 1405 1030 novam
1435 978 1468 1030 et
1496 967 1575 1028 satis

228 1137 231 1144 .
284 1081 414 1144 doctam
447 1083 617 1163 proposuit
646 1080 905 1165 explicationem,
937 1100 1034 1162 quam
1064 1099 1147 1141 nunc
1178 1078 1329 1140 brevibus
1360 1077 1572 1139 adumbrabo.

284 1190 416 1256 Orditur
450 1212 469 1254 a
503 1192 630 1254 Pindari
667 1192 871 1265 carminibus
907 1212 993 1272 quae
1025 1188 1092 1274 εἴδη
1122 1190 1139 1251 i.
1166 1209 1195 1270 q.
1228 1199 1373 1250 nostrum
1405 1187 1572 1250 ›Weisen‹

282 1311 417 1383 propter
440 1321 644 1364 numerorum
655 1301 680 1382 ἴ)
704 1301 927 1363 diversitatem
944 1300 1104 1382 appellata
1121 1319 1193 1361 esse
1209 1307 1329 1360 censet.
1376 1299 1423 1360 Ea
1440 1297 1571 1380 quidem

284 1408 350 1495 εἴδη
373 1411 569 1492 disposuisse
599 1410 811 1492 Apollonium
844 1419 877 1473 et
899 1411 975 1472 inde
1006 1407 1200 1493 εἴδογράφον
1231 1407 1429 1490 appellatum
1460 1427 1531 1468 esse
1541 1405 1573 1488 3).

284 1515 457 1585 Εἴδύλῖιον
472 1521 575 1602 igitur,
601 1541 674 1584 cum
698 1515 780 1594 εἶδος
803 1521 844 1582 sit
859 1540 987 1602 poema,
1005 1540 1076 1581 esse
1097 1518 1306 1600 poematium.
1356 1501 1450 1580 Hanc
1464 1525 1574 1578 autem

284 1651 400 1693 vocem
431 1651 497 1694 non
526 1640 674 1713 spectare
701 1631 744 1693 ad
773 1650 923 1692 versuum
953 1650 1121 1692 numerum
1151 1639 1206 1691 aut
1235 1628 1384 1690 carminis
1418 1627 1575 1689 ambitum

285 1741 445 1803 minorem
468 1744 556 1824 (nam
580 1741 681 1803 multa
704 1739 869 1802 Theocriti
893 1741 1035 1802 carmina
1057 1759 1196 1820 aequare
1220 1739 1271 1800 vel
1294 1757 1446 1820 superare
1469 1756 1575 1797 versu-

285 1871 339 1913 um
362 1869 530 1913 numerum
554 1827 731 1913 carminum
753 1849 899 1938 Pindari),
932 1851 1032 1912 immo
1060 1869 1186 1912 servare
1209 1845 1383 1932 ὀνομάτων
1406 1842 1575 1930 dirempto·

286 1966 388 2023 τικῶν
410 1959 551 2022 indolem
576 1969 608 2022 et
631 1959 810 2041 significare
833 1960 929 2040 igitur
953 1961 1093 2022 carmina
1116 1959 1223 2042 lepida
1247 1968 1280 2021 et
1302 1960 1489 2040 venusta⁴):
1513 1955 1577 2018 hoc

285 2089 356 2132 esse
379 2089 518 2151 poeseos
541 2070 705 2136 bucolicae
729 2079 762 2132 et
785 2069 951 2152 aptissime
983 2070 1077 2150 igitur
1101 2069 1263 2132 Theocriti
1294 2068 1436 2130 carmina
1468 2075 1575 2147 pasto·

286 2179 362 2242 ralia
385 2179 549 2262 appellata
574 2201 644 2242 esse
666 2179 808 2244 εἰδύῖἴια
832 2181 882 2242 vel
906 2182 1013 2262 potius
1035 2179 1180 2244 εἰδύλῖια
1202 2176 1381 2256 βουκολικά
1405 2176 1456 2260 (cl.
1474 2176 1574 2238 schol.

285 2284 422 2355 Ahrens.
447 2310 479 2371 p.
506 2291 560 2372 7.).
606 2290 705 2369 Quod
737 2290 868 2372 quidem
899 2312 939 2353 eo
969 2300 1117 2372 tempore
1147 2289 1267 2350 factum
1302 2308 1381 2362 esse,
1412 2308 1487 2349 cum
1510 2306 1578 2348 vox

285 2393 366 2474 εἶδος
383 2419 588 2462 numerorum
605 2400 824 2463 diversitatem
841 2401 905 2462 iam
922 2421 986 2462 non
1008 2400 1192 2480 designaret
1207 2398 1264 2459 sed
1281 2398 1413 2459 omnino
1429 2417 1576 2462 carmen:

274 2487 393 2590 'itaque
417 2529 483 2573 vox
505 2508 665 2586 eidrllitov
680 2531 811 2573 carmen
834 2511 1047 2572 minusculum
1073 2513 1116 2592 (p.
1139 2511 1199 2593 57.)
1246 2507 1343 2587 Quod
1368 2507 1488 2569 iactum
1506 2526 1577 2568 esse

285 2617 367 2680 inter
390 2618 428 2685 ll.
454 2628 487 2682 et
507 2617 563 2685 Vl.
588 2641 618 2702 p.
644 2619 719 2686 Chr.
743 2641 773 2686 n.
791 2641 874 2683 saec.
901 2623 943 2704 (p.
973 2622 1037 2703 58.)

393 2711 485 2790 Haec
519 2727 585 2790 sere
615 2729 743 2792 Christii
778 2730 1012 2796 dissertationis
1047 2749 1174 2792 summa
1210 2738 1273 2794 est:
1309 2729 1467 2810 persuasit
1499 2727 1577 2789 mihi

201 2921 204 2931 ι
287 2837 418 2919 quidem
449 2849 522 2900 non.
571 2839 653 2901 Nam
686 2841 825 2922 primum
847 2842 977 2922 quidem
1003 2855 1065 2922 ego
1088 2859 1152 2902 non
1183 2839 1380 2912 crediderim,
1412 2837 1578 2900 Theocriti

288 2948 429 3010 carmina
452 2948 526 3010 ideo
548 2947 690 3012 εἰδύλλια
720 2951 859 3034 (ikleine
881 2951 1048 3033 Weisem)
1080 2949 1242 3031 appellata
1271 2968 1355 3020 esse,
1391 2957 1425 3010 ut
1448 2947 1577 3010 Pindari

289 3055 404 3122 εἴδεσιν
427 3057 550 3141 (ihohe
565 3058 732 3144 Weisem)
756 3064 1045 3144 opponereiitur⁵):
1073 3081 1128 3123 cur
1149 3060 1280 3122 tandem
1297 3057 1489 3120 Theocritus
1505 3058 1577 3119 Pin-

398 3256 415 3324 ¹)
437 3258 475 3308 cf.
497 3259 594 3310 »Ueber
613 3259 658 3308 das
676 3261 756 3325 ldyll«
784 3263 810 3310 in
837 3263 1066 3328 »Verhandlungen
1092 3261 1136 3310 der
1164 3260 1204 3308 26.
1225 3259 1419 3322 Versammlung
1449 3259 1581 3307 deutscher

288 3351 437 3414 Philologen
456 3351 508 3400 und
527 3350 708 3401 suumanner
725 3354 751 3402 n
770 3330 910 3420 wirzburg
933 3354 1013 3405 1868·
1035 3355 1139 3419 Leipzig
1161 3351 1227 3414 1869
1247 3369 1272 3416 p.
1292 3365 1326 3412 49
1338 3351 1404 3414 -58·

394 3441 414 3510 ²)
434 3443 498 3490 lbid.
519 3460 543 3508 p.
565 3454 613 3507 55:
644 3443 707 3492 »Mit
725 3443 863 3493 Rucksicht
890 3447 942 3494 also
972 3446 1018 3494 auf
1042 3447 1110 3494 diese
1139 3443 1330 3493 verschiedenen
1359 3444 1495 3492 melischen
1526 3445 1580 3492 und

237 3597 243 3610 .
287 3535 436 3584 metrischen
456 3535 515 3598 εἴδη
534 3535 636 3584 wurden
658 3536 697 3585 die
716 3535 790 3585 Oden
801 3535 918 3598 Pindum,
938 3555 987 3587 von
1005 3537 1086 3586 denen
1103 3538 1161 3603 jede
1179 3537 1235 3584 eine
1253 3536 1428 3584 verschiedene
1446 3535 1580 3585 metrische

286 3626 360 3676 Form
379 3628 456 3688 hatte,
476 3629 552 3677 selbst
571 3627 631 3691 ιῖδη
650 3635 775 3692 genennt,
803 3629 843 3678 ein
861 3617 1005 3691 Ausdruck,
1035 3630 1124 3679 dessen
1143 3630 1271 3693 Urspnmg
1289 3629 1342 3678 sich
1361 3630 1425 3678 auch
1444 3633 1527 3694 sp'a'ter
1547 3627 1577 3696 (l)

288 3719 354 3768 noch
373 3719 444 3768 dario
462 3720 531 3770 kund
550 3723 609 3786 gab,
630 3720 688 3769 dass
706 3736 732 3769 er
750 3723 851 3786 speciell
869 3723 909 3770 bei
926 3724 973 3772 den
989 3724 1137 3772 metrischen
1149 3723 1276 3786 Analysen
1290 3721 1444 3787 angewandt
1461 3720 1577 3769 wurden

395 3807 416 3879 ³)
437 3811 477 3865 Et.
491 3815 536 3865 M.:
549 3808 582 3864 tri
600 3813 659 3876 εἴδη
673 3815 731 3873 τοῖς
743 3814 848 3865 εἴδεσιν
859 3813 1013 3886 ἐπένειμεν.
1025 3817 1056 3868 cf.
1066 3815 1144 3864 schol.
1154 3815 1225 3863 Pind.
1238 3815 1263 3863 l'.
1274 3815 1300 3862 ll
1310 3815 1361 3863 init.
1374 3829 1394 3862 c.
1406 3821 1457 3862 not.
1468 3811 1580 3862 Boeckh.

394 3901 415 3973 ⁴)
437 3903 526 3955 Christ.
542 3908 558 3955 l.
572 3907 589 3959 l.
602 3923 626 3972 p.
644 3907 688 3970 56:
710 3907 764 3956 -so=
779 3909 893 3958 verstand
912 3926 971 3958 man
990 3910 1053 3957 auch
1073 3916 1143 3956 unter
1156 3903 1296 3958 εἴδύλῖιον
1310 3908 1378 3956 nicht
1389 3907 1458 3955 bloss
1471 3905 1512 3953 ein
1522 3905 1581 3953 dem

286 3995 397 4061 Umfang
414 3997 479 4046 nach
498 3998 594 4048 kleines
612 3999 688 4060 Lied,
718 4003 824 4050 sondern
844 4002 909 4050 auch
927 4003 968 4050 ein
987 4001 1097 4062 solches,
1126 3999 1247 4063 welches,
1268 4001 1409 4064 abgesehen
1429 4014 1478 4048 von
1498 3998 1581 4046 seiner

289 4088 388 4150 Grdsse,
409 4089 487 4138 durch
505 4091 572 4139 seine
591 4089 675 4140 Gllttte
694 4091 746 4140 und
763 4093 904 4158 Nettigkeit
922 4093 1005 4158 gefiel.
1036 4092 1095 4142 Nun
1115 4093 1303 4142 unterscheiden
1323 4093 1375 4140 sich
1394 4093 1454 4141 aber
1473 4092 1512 4140 die
1531 4090 1581 4138 Ge-

287 4181 372 4230 dichte
385 4181 429 4230 des
441 4181 563 4232 Theokrit
574 4184 666 4247 gerade
678 4184 756 4234 durch
768 4185 817 4234 den
830 4185 964 4236 Character
977 4185 1021 4235 des
1033 4180 1182 4253 γλαφυρόν
1197 4203 1246 4234 von
1260 4186 1303 4234 der
1316 4180 1436 4251 αὐστηρδ
1456 4181 1581 4253 ἁρμονία
1607 4251 1610 4258 .

206 4304 211 4314 -
288 4273 332 4321 der
351 4272 481 4322 dorischen
499 4273 593 4338 Lyrik,
613 4275 665 4324 und
683 4292 710 4325 es
728 4276 829 4326 dienten
848 4278 901 4327 also
920 4279 961 4327 die
974 4279 1072 4328 Wdrter
1090 4274 1217 4328 stulttia
1237 4279 1288 4328 und
1302 4277 1363 4340 εἴδη
1383 4279 1488 4328 trefflich
1508 4278 1580 4338 dean,

287 4364 371 4428 gleich
388 4365 415 4412 in
437 4366 481 4413 der
493 4365 660 4416 Ueberschrist
679 4369 719 4417 die
737 4370 893 4419 besonderen
906 4370 1100 4436 Eigenschalten
1120 4372 1163 4420 der
1175 4370 1266 4419 beiden
1283 4371 1386 4420 Dichter
1398 4371 1580 4420 anzudeutene.

287 4453 349 4522 (Sed
367 4455 526 4520 Theocritus,
555 4458 623 4522 quod
642 4460 674 4508 ad
692 4461 807 4510 bucolica
825 4461 927 4524 quidem
946 4463 1054 4512 carmina
1074 4466 1166 4525 attinet,
1187 4470 1212 4511 et
1230 4464 1283 4528 ipse
1302 4474 1338 4512 est
1356 4471 1432 4528 poeta
1451 4461 1579 4530 Doricus).

395 4545 415 4617 ⁶)
436 4547 528 4599 Christ.
550 4550 567 4598 l.
586 4551 602 4600 l.
622 4568 649 4616 p.
672 4552 718 4615 56:
749 4553 800 4601 »Es
818 4553 918 4604 dienten
937 4554 990 4604 also
1010 4556 1050 4606 die
1069 4557 1167 4606 uerter
1186 4553 1312 4606 ιῖδδῖλια
1332 4556 1384 4606 und
1403 4555 1582 4605 ildvtrefllich

288 4639 358 4702 dazu,
377 4640 490 4704 gleich
516 4641 549 4690 in
573 4641 888 4723 derUeberschrilt
913 4648 966 4697 die
993 4649 1207 4699 besonderen
1231 4649 1499 4715 Eigenschaiten
1525 4647 1583 4697 der

287 4731 411 4782 beiden
438 4733 589 4784 Dichter
616 4736 864 4792 anzudeuten«.
