3500 5498
162 731 408 809 potentissimus
438 738 471 792 et
498 729 696 812 Philadelphi
728 734 829 797 hostis
862 733 1070 815 gravissimus
1099 732 1202 796 lactus
1236 744 1294 797 est.
1348 735 1391 800 Et
1422 752 1462 795 ne

164 841 320 903 memoria
343 841 473 924 quidem
491 841 571 903 illius
585 843 701 923 stragis
717 853 794 924 post
818 864 876 905 sex
892 843 943 904 vel
967 852 1093 925 septem
1110 861 1213 907 annos
1230 845 1457 908 Alexandreae

162 950 246 1013 adeo
269 951 440 1014 obliterata
464 962 495 1013 et
517 954 658 1014 tenebris
682 953 874 1015 circumfusa
898 974 968 1014 esse
998 954 1113 1035 potuit,
1147 963 1183 1016 ut
1215 964 1333 1037 poetae
1364 953 1463 1034 aulici

161 1071 195 1122 et
218 1061 419 1124 blandientes
435 1062 478 1123 ab
500 1063 569 1124 eius
593 1064 723 1125 nomine
741 1063 856 1126 odioso
879 1064 1042 1134 ordientes
1058 1063 1303 1146 Philadelphum
1326 1084 1456 1146 semper

162 1180 337 1250 augustum
355 1180 387 1232 et
401 1172 559 1233 victorem
583 1172 744 1234 celebrare
768 1193 878 1236 revera
894 1175 1059 1236 auderent.
1108 1173 1215 1254 Legas
1239 1184 1349 1237 autem
1374 1193 1464 1236 nunc

161 1301 274 1342 versus
299 1280 368 1342 illos
392 1281 620 1344 Theocriteos:
645 1303 751 1344 nonne
784 1283 961 1346 irrisionem
989 1285 1040 1346 vel
1073 1286 1248 1348 maximam
1281 1285 1456 1357 continent,

161 1391 287 1452 sicum
309 1391 493 1471 Droysenio
517 1401 549 1454 et
573 1391 715 1455 Haulero
738 1413 857 1455 annum
884 1407 956 1472 259.
981 1414 1011 1459 a.
1034 1392 1107 1456 Chr.
1132 1414 1161 1456 n.
1187 1395 1207 1460 i.
1225 1417 1252 1458 e.
1278 1404 1353 1475 post
1376 1413 1456 1476 pug-

163 1520 238 1562 nam
255 1499 414 1561 Coensem
430 1499 565 1563 statuis?
589 1501 674 1562 Num
692 1523 802 1565 revera
826 1503 950 1564 insulae
966 1502 1042 1565 Cois
1069 1504 1223 1586 nympha,
1249 1523 1331 1584 quae
1355 1504 1454 1583 stragi

161 1609 204 1670 illi
229 1629 347 1670 nomen
372 1611 470 1683 dedit,
495 1630 586 1672 orare
609 1613 726 1690 potuit,
752 1623 787 1674 ut
810 1633 867 1674 rex
883 1611 1111 1694 Philadelphus
1135 1633 1207 1676 eam
1224 1615 1342 1694 pariter
1358 1612 1458 1676 hono-

160 1728 247 1781 raret
271 1728 370 1800 atque
394 1718 538 1803 Apollon
562 1721 701 1784 Delum?

267 1831 335 1891 lam
359 1849 560 1910 quaeramus,
585 1852 650 1912 quo
674 1851 759 1894 anno
784 1831 878 1892 fuerit
908 1852 1018 1913 pugna
1050 1833 1172 1895 navalis
1202 1834 1289 1916 apud
1322 1831 1458 1895 insulam

159 1939 242 2002 Con.
268 1940 428 2021 Droysen.
453 1941 507 2006 l.l.
533 1960 565 2020 p.
591 1958 662 2018 244.
690 1963 718 2004 n.
744 1957 774 2017 4.
808 1962 880 2004 eam
911 1961 996 2003 anno
1030 1943 1103 2009 266.
1129 1965 1156 2006 a.
1190 1943 1263 2006 Chr.
1296 1964 1326 2004 n.
1362 1943 1458 2004 fuisse

158 2051 281 2112 statuit.
328 2052 463 2113 Aestate
486 2052 572 2112 eninr
608 2052 682 2113 anni
707 2053 779 2132 267.
807 2072 832 2112 a.
859 2049 932 2116 Chr.
970 2072 1011 2125 n.,
1046 2053 1127 2116 haec
1159 2062 1215 2126 est,
1237 2054 1303 2115 eius
1334 2053 1458 2128 ratioci-

159 2162 258 2233 nati0,
282 2161 370 2223 Zeno
403 2160 550 2224 Citiensis
587 2160 725 2223 Athenis
757 2171 902 2223 mortuus
938 2170 995 2235 est,
1033 2164 1087 2241 qui
1119 2183 1192 2224 cum
1224 2174 1256 2225 et
1289 2162 1457 2242 Antigono

159 2270 342 2333 carissimus
367 2282 453 2334 esset
476 2282 509 2334 et
539 2273 658 2352 magna
690 2274 777 2354 apud
807 2273 1024 2337 Athenienses
1055 2275 1249 2337 auctoritate
1272 2272 1402 2336 floreret
1424 2271 1457 2333 id

157 2401 291 2462 semper
314 2401 412 2462 quam
445 2383 588 2443 maxime
617 2381 693 2462 egit,
727 2391 762 2444 ut
792 2383 1009 2447 Athenienses
1031 2385 1135 2447 amici
1167 2393 1252 2444 esset
1282 2382 1451 2462 Antigoni.

156 2487 296 2571 (Aelian.
321 2491 360 2553 V.
387 2491 429 2552 H.
455 2491 524 2558 Vll.
562 2508 615 2569 14:
653 2490 760 2556 πολλοὶ
794 2488 876 2577 ὑπὲρ
897 2489 1081 2577 Ἀθηναίων
1110 2491 1342 2557 ἐπολιτεύσατο
1374 2489 1457 2575 πρὸς

153 2597 364 2683 Ἀντίγονον).
414 2601 529 2664 Statim
560 2611 637 2682 post
660 2603 728 2664 eius
759 2613 898 2666 mortem
929 2604 1058 2677 bellum,
1087 2604 1176 2685 quod
1200 2611 1334 2664 vocatur
1358 2600 1453 2664 Chre·

156 2711 365 2785 monideum‚
403 2714 522 2775 exarsit
534 2715 552 2797 ¹)
588 2714 625 2795 (a.
659 2713 732 2774 266.
758 2734 787 2778 a.
813 2712 884 2775 Chr.
915 2715 979 2796 n),
1015 2734 1120 2796 eoque
1155 2715 1227 2795 ipso
1262 2731 1348 2774 anno
1376 2709 1457 2774 Galli

155 2820 248 2902 apud
264 2821 429 2902 Megaram
445 2823 592 2904 oppressi
609 2831 642 2885 et
657 2823 907 2886 Lacedaemonii
924 2825 1075 2888 recedere
1095 2824 1200 2886 coacti
1216 2831 1300 2885 sunt.
1340 2821 1457 2884 Hieme
1548 2887 1553 2898 ,

155 2930 278 2993 deinde
301 2951 384 3013 quae
406 2940 515 2994 secuta
539 2943 588 2994 est
603 2932 654 2994 vel
670 2953 746 2994 vere
761 2933 955 3006 Alexander,
973 2935 1189 2996 Molossorum
1214 2953 1281 3006 rex,
1304 2933 1453 2997 incursio·

155 3059 237 3102 nem
252 3026 374 3104 fecit'in
391 3041 634 3107 Macedoniam:
659 3043 768 3124 paullo
790 3053 868 3124 post
890 3044 1078 3124 Antigonus
1101 3044 1270 3106 victoriam
1294 3043 1457 3106 Coensem

153 3152 202 3212 ab
224 3152 397 3232 Aegyptiis
421 3154 606 3235 reportavit.

264 3261 312 3324 Ea
336 3264 402 3323 lere
426 3273 475 3324 est
497 3262 669 3343 Droysenii
702 3264 817 3325 horum
847 3274 1032 3345 temporum
1057 3264 1237 3346 dispositio,
1263 3281 1346 3342 quae
1369 3273 1454 3325 tene-

153 3371 225 3432 bris
248 3372 368 3456 crassis
387 3373 529 3435 involuta
554 3394 624 3435 esse
648 3393 744 3435 nemo
767 3375 878 3439 nescit.
926 3373 1000 3454 Ego
1024 3384 1132 3436 autem
1168 3393 1208 3435 ne
1236 3373 1267 3434 in
1297 3371 1357 3435 hac
1387 3373 1454 3453 qui·

155 3481 236 3542 dem
257 3483 447 3562 quaestione
472 3503 545 3544 cum
569 3483 753 3564 Droysenio
777 3482 930 3545 fecerim·

266 3591 439 3654 Plurimum
464 3592 609 3656 adhaec
632 3602 781 3674 tempora
804 3593 1006 3672 disponenda
1028 3594 1135 3656 valere
1164 3593 1303 3657 Zenonis
1335 3612 1454 3655 annum

152 3700 286 3764 letalem
300 3701 408 3768 vides:
426 3703 555 3764 adeum
572 3703 671 3784 igitur
686 3702 866 3764 accuratius
879 3701 1098 3765 definiendum
1120 3724 1206 3766 nunc
1222 3704 1451 3785 accedamusl).

154 3811 377 3892 Hieronymus
399 3814 441 3873 ad
465 3812 504 3873 ol.
536 3829 605 3891 1²9·
635 3830 658 3873 1.
673 3835 712 3872 z
728 3813 803 3899 ²⁰7³·
831 3831 858 3872 a.
884 3811 956 3874 Chr.
984 3833 1013 3874 n.
1038 3812 1120 3876 haec
1144 3813 1328 3876 adnotavit:
1365 3811 1453 3874 Zeno

155 3920 289 3984 Stoicus
313 3923 455 3995 moritur,
491 3934 566 4003 post
597 3943 694 4002 quem
725 3921 916 3996 Cleanthes;
948 3923 1142 4004 quibuscum
1173 3924 1283 3984 omnia
1311 3923 1454 4002 perbene

155 4085 260 4093 .—.-—.

153 4171 234 4221 leicht
252 4173 434 4236 merkwtirdige
450 4172 553 4235 Ersolge
571 4173 674 4237 gehabt,
694 4173 745 4223 und
764 4190 815 4222 was
828 4174 895 4223 hatte
908 4173 1050 4238 geschehen
1064 4174 1174 4234 kbnnen,
1195 4189 1267 4222 wenn
1280 4172 1333 4221 sich
1346 4172 1451 4221 Rhodus

154 4279 188 4312 zu
208 4263 316 4328 thiitiger
334 4265 497 4328 Mitwirkung
516 4279 598 4328 gegen
616 4265 748 4330 Aegypton
769 4266 879 4314 erhoben
898 4267 992 4315 hatte«.

267 4353 285 4421 ¹)
304 4357 424 4420 Droysen.
444 4357 459 4406 l.
479 4356 496 4404 l.
516 4372 540 4420 p.
562 4369 621 4419 229.
641 4374 664 4405 n.
705 4357 755 4406 »Es
773 4356 834 4422 liegt
853 4359 932 4419 nahe,
960 4357 1045 4406 seinen
1072 4353 1200 4426 (Zenonis)
1225 4356 1282 4404 Tod
1310 4356 1388 4405 selbst
1407 4357 1453 4406 mit

152 4450 215 4498 dem
242 4450 374 4498 Ausbruch
404 4451 447 4498 des
472 4449 709 4516 Freiheitskampfes
738 4452 763 4500 in
791 4451 956 4514 Verbindung
983 4467 1013 4499 zu
1038 4451 1158 4514 bringen;
1187 4461 1236 4499 erst
1259 4449 1383 4497 nachdem
1410 4449 1453 4498 der

151 4541 262 4589 Warner
280 4543 332 4589 und
352 4541 494 4591 Vermittler
512 4541 589 4591 dahin
608 4559 665 4604 war,
686 4544 786 4610 begann
806 4559 857 4592 er«.

264 4633 285 4698 ²)
304 4634 424 4684 Brevibus
444 4634 601 4683 adumbrabo
620 4651 732 4699 eaquae
751 4653 773 4684 v.
793 4636 817 4684 d.
838 4636 868 4684 E.
889 4635 980 4684 Rhode
999 4635 1030 4682 de
1048 4634 1156 4683 Zenonis
1175 4641 1255 4684 morte
1273 4632 1409 4698 disputavit
1425 4633 1451 4681 in

152 4726 256 4790 ephern.
276 4725 366 4774 Rhein.
387 4727 451 4774 Mus.
472 4727 496 4774 N
528 4727 555 4776 F.
576 4727 623 4776 vol.
643 4728 766 4777 XXXlll.
789 4723 890 4794 (1878.)
909 4744 933 4792 p.
955 4727 1018 4778 622.
1041 4743 1110 4792 seqq.
