3500 5498
832 555 1041 640 .-ΛΑΝ

290 754 432 837 sciebat).
456 753 609 835 quoniam
633 773 674 815 eo
698 763 846 835 tempore
863 754 996 817 omnino
1011 754 1201 836 pervulgata
1217 763 1308 816 erant
1325 762 1358 816 et
1375 773 1435 815 suo
1453 755 1584 815 nomine

291 862 544 946 appellabantur.
599 865 711 945 ltaque
746 863 842 926 aliam
871 866 957 926 viam
991 865 1171 945 ingrediar:
1207 882 1404 945 quamquam
1438 863 1584 924 conscius

292 974 369 1036 mihi
391 995 462 1036 sum
486 993 538 1038 me
561 995 691 1057 quoque
715 974 746 1036 in
770 995 804 1036 re
826 972 1011 1038 difficillima
1033 974 1109 1036 nihil
1136 974 1280 1056 proferre
1302 994 1400 1055 posse
1424 973 1482 1034 nisi
1506 994 1581 1035 con·

291 1087 454 1158 iecturam‚
480 1106 563 1167 quae
586 1095 695 1147 tamen
713 1094 792 1167 apta
814 1083 949 1146 fortasse
974 1093 1024 1147 est
1047 1086 1088 1147 ad
1112 1085 1346 1147 enucleandum
1370 1103 1492 1148 verum.

397 1195 474 1257 Vox
502 1193 662 1260 εἰὸύλλιου
685 1215 705 1257 a
735 1194 986 1257 bibliothecariis
1016 1195 1245 1257 Alexandrinis
1277 1192 1478 1256 conformata
1506 1193 1584 1255 mihi

292 1305 518 1368 videturesse.
567 1307 722 1368 Poemata
746 1305 831 1369 enim
854 1306 977 1368 maiora
993 1306 1061 1368 sive
1084 1326 1133 1368 res
1154 1306 1326 1368 nobiliores
1344 1305 1580 1387 pertractantia,

292 1436 375 1498 quae
410 1417 659 1479 asservabantur
688 1415 921 1488 Alexandreae,
958 1415 999 1477 ab
1033 1417 1110 1498 ipsis
1145 1415 1361 1479 bibliothecae
1396 1414 1584 1477 custodibus

292 1525 516 1588 dividebantur
545 1526 576 1587 in
606 1523 682 1609 εἴδη,
715 1545 743 1591 e.
775 1545 801 1586 c.
826 1525 858 1586 in
888 1520 970 1600 εἶδος
1003 1524 1128 1603 ἐκικόν,
1160 1520 1242 1600 εἶδος
1265 1523 1479 1610 τραγῳδικόν,
1503 1519 1586 1597 εἶδος

292 1633 486 1720 κωμῳδικόν
508 1639 579 1700 κτλ.
595 1634 615 1719 1)
657 1634 754 1715 Quod
779 1613 971 1698 concludere
1001 1636 1094 1699 nobis
1116 1636 1199 1708 licet,
1225 1655 1299 1698 cum
1324 1635 1499 1697 memoriae
1523 1644 1584 1697 tra·

294 1746 397 1808 ditun'r
426 1747 467 1808 sit
501 1746 753 1828 Lycophronem
782 1744 913 1826 quidem
944 1747 1140 1818 comoedias,
1174 1746 1396 1808 Alexandrum
1429 1744 1585 1807 Aetolum

293 1855 488 1938 tragoedias,
514 1857 720 1919 Zenodotum
736 1855 859 1937 reliqua
875 1868 1038 1937 poemata,
1065 1876 1139 1919 cum
1154 1857 1350 1919 bibliotheca
1366 1855 1586 1917 Alexandrina

294 1967 496 2040 conderetur,
522 1967 732 2048 disposuisse.
780 1952 1019 2046 Disposueruut
1035 1968 1131 2048 igitur
1147 1967 1178 2028 in
1194 1965 1261 2051 εἴδη
1277 1986 1379 2047 eaque
1394 1987 1485 2039 voce,
1511 1985 1586 2026 cum

298 2075 465 2158 aptissima
489 2086 522 2138 et
545 2075 732 2157 dignissima
755 2076 921 2158 (respicias
945 2076 1213 2159 philosophorum
1237 2079 1341 2156 usum)
1371 2084 1465 2149 esset,
1499 2083 1587 2136 certe

295 2187 343 2248 usi
367 2195 449 2260 sunt,
475 2206 539 2268 qua
560 2185 702 2266 singulas
725 2186 849 2267 species
881 2186 1080 2268 appellarent
1090 2186 1122 2271 ⁷)
1147 2224 1190 2234 -
1212 2185 1362 2249 Carmina
1392 2195 1502 2247 autem
1532 2185 1587 2246 mi·

296 2315 375 2358 nora
396 2297 464 2358 sive
487 2316 537 2358 res
559 2294 744 2358 humiliores
775 2299 1005 2378 pertractantia
1028 2298 1253 2361 dividebantur
1276 2297 1307 2358 in
1329 2294 1481 2373 εἰδύλλια,
1507 2315 1533 2356 e.
1559 2317 1588 2363 c.

297 2407 328 2468 in
352 2405 512 2470 εἰὸύλλιου
533 2403 738 2486 βουκολικὸν,
762 2405 909 2490 ’μιμικόν,
939 2405 1063 2485 dccxciv,
1087 2406 1221 2490 μελικόν
1251 2417 1282 2470 et
1312 2406 1382 2473 sim.
1430 2407 1585 2486 Designa-

295 2517 413 2578 bantur
435 2516 531 2597 igitur
553 2535 593 2578 ea
616 2536 696 2577 voce
720 2516 861 2579 carmina
885 2537 950 2579 non
975 2518 1075 2579 modo
1108 2518 1247 2592 minora,
1279 2537 1362 2599 quae
1387 2493 1456 2578 'hoc
1486 2516 1587 2578 modo

295 2625 440 2688 eiusdem
463 2625 589 2706 generis
612 2615 807 2688 carminibus
837 2628 1012 2689 maioribus
1045 2629 1307 2709 opponebantur,
1341 2627 1397 2689 sed
1427 2628 1525 2690 etiam
1549 2647 1588 2689 ea

296 2757 380 2818 quae
403 2757 421 2799 e
444 2757 564 2817 genere
588 2736 757 2799 humiliore
774 2747 883 2802 erant:
908 2759 972 2800 non
997 2738 1069 2800 dico
1086 2738 1237 2812 carmina,
1264 2757 1347 2819 quae
1371 2738 1494 2799 minore
1517 2745 1586 2800 arte

296 2847 416 2928 scripta
440 2857 473 2910 et
495 2848 676 2930 composita
699 2856 798 2920 erant,
823 2848 923 2909 immo
940 2858 1008 2911 erat
1032 2849 1111 2911 haec
1128 2848 1235 2911 classis
1260 2869 1332 2910 mea
1354 2848 1514 2910 sententia
1538 2867 1585 2920 ea,

297 2939 393 3039 duam
410 2977 616 3039 summopere
632 2957 801 3020 colendam
817 2960 987 3040 proposuit
1004 2958 1225 3032 Callimachus
1245 2979 1319 3020 nam
1335 2957 1435 3040 μέγα
1462 2959 1588 3036 βιβλίον

295 3066 375 3151 μέγα
404 3065 515 3131 κακόν.
571 3066 674 3149 Ipsius
704 3067 888 3131 Callimachi
920 3070 1032 3150 hymni
1062 3090 1103 3131 ex
1132 3068 1194 3132 hoc
1226 3067 1344 3149 genere
1373 3076 1479 3141 erant,
1506 3045 1587 3129 ¹nam

296 3187 395 3259 poeta
423 3177 571 3240 consulto
602 3176 796 3258 hymnorum
822 3180 1071 3242 Homericorum
1102 3178 1415 3261 grandiloquentiam
1447 3187 1479 3240 et
1503 3179 1587 3260 epici

296 3289 411 3350 coloris
442 3308 523 3350 onus
555 3289 705 3350 deserens
737 3287 800 3351 hoc
827 3289 977 3352 humilius
1007 3311 1123 3371 genus,
1150 3290 1239 3371 quod
1262 3309 1339 3352 vero
1363 3309 1492 3351 summa
1515 3297 1586 3350 arte

297 3397 477 3478 expolitum
508 3406 584 3470 erat,
617 3398 798 3473 constituit;
830 3399 893 3461 huc
922 3400 1024 3463 relero
1055 3401 1153 3464 etiam
1182 3399 1363 3461 Lavacrum
1395 3398 1529 3461 Palladis
1554 3407 1588 3460 et

298 3509 466 3590 (quantum
490 3507 599 3570 videre
622 3506 706 3590 licet)
723 3506 911 3591 Cydippen:
936 3519 1011 3572 sunt
1027 3531 1110 3591 quae
1135 3530 1194 3572 nos
1212 3509 1415 3592 appellamus
1431 3509 1584 3571 Kabinet-

294 3615 446 3700 stiicke.³)
486 3617 658 3679 Praeterea
682 3618 808 3692 mimos,
835 3619 998 3700 phlyaces‚
1023 3619 1314 3701 hilarotragoedias
1339 3629 1370 3682 et
1393 3640 1477 3701 quae
1500 3619 1585 3680 simi-

295 3728 365 3790 liter
398 3727 497 3789 vitam
532 3727 729 3789 cotidianam
762 3729 948 3791 describunt
981 3730 1032 3792 vel
1066 3731 1286 3812 perstringunt
1322 3731 1352 3791 in
1387 3730 1449 3791 hac
1484 3729 1586 3792 classe

295 3857 439 3911 numero,
465 3857 549 3919 quae
572 3817 675 3918 dualis
698 3835 792 3900 fuerit
814 3839 938 3921 optime
963 3839 1157 3920 intellegitur
1189 3862 1230 3903 ex
1262 3842 1456 3904 carminibus
1479 3841 1585 3904 Theo-

295 3947 409 4020 criteis‚
434 3967 518 4029 quae
541 3947 651 4009 omnia
673 3948 915 4013 collocabantur
939 3951 969 4014 in
993 3950 1116 4030 idylliis.
1165 3952 1277 4034 Atque
1300 3952 1493 4033 cumigitur
1517 3951 1584 4014 eius

295 4058 439 4121 carmina
460 4056 616 4120 collocata
641 4069 750 4123 essent
779 4082 820 4122 ex
849 4071 1114 4142 argumentorum
1137 4063 1260 4125 ratione
1285 4062 1316 4124 in
1340 4061 1491 4145 sidviilqo
1512 4066 1583 4141 βου-

295 4205 560 4214 ——--—---·-—-

405 4276 422 4347 ¹)
440 4280 478 4329 Cs.
498 4280 529 4329 de
548 4281 597 4331 hac
615 4281 772 4346 quaestione:
792 4283 830 4333 Fr.
850 4283 960 4333 Ritschl:
980 4283 1028 4332 Die
1047 4283 1110 4332 alex.
1131 4284 1195 4333 Bibl.
1215 4284 1236 4332 1.
1257 4297 1280 4333 2.

401 4370 422 4439 ²)
443 4372 519 4435 Quod
538 4374 694 4438 grammatici
712 4382 799 4439 postea
817 4375 865 4424 hac
883 4391 944 4425 voce
963 4377 1000 4425 usi
1019 4385 1076 4426 sunt
1095 4392 1144 4441 qua
1163 4376 1321 4441 designarent
1334 4377 1471 4426 carminum
1490 4377 1585 4442 species

294 4460 405 4529 (propter
422 4481 510 4515 causas
529 4467 643 4515 metricas
660 4465 699 4515 vel
717 4467 868 4530 rhythmicas
887 4470 926 4519 vel
945 4468 993 4536 al.)
1014 4470 1063 4519 huc
1082 4485 1132 4517 non
1152 4469 1219 4519 iacit.

400 4553 420 4626 ³)
441 4558 506 4607 Mihi
524 4575 624 4623 quoque
642 4575 665 4608 v.
685 4555 828 4609 eruditior
846 4575 957 4611 servasse
974 4563 1071 4612 videtur
1096 4559 1242 4630 ὀνομάτων
1268 4559 1495 4630 ὕποκοριστικών
1514 4564 1586 4615 indo-

293 4647 343 4697 lem
362 4649 395 4698 ita
414 4658 441 4700 ut
460 4650 562 4700 denotet
582 4651 706 4716 »speciem
719 4654 840 4701 minorem
858 4652 1045 4719 tepidamque«,
1065 4671 1122 4704 eum
1144 4672 1201 4706 vero
1220 4658 1269 4706 hoc
1286 4673 1367 4722 genus
1379 4657 1410 4705 de
1423 4673 1473 4721 quo
1484 4657 1586 4721 agimus

292 4740 413 4792 latissime
432 4751 524 4809 pateat,
544 4759 595 4810 quo
616 4744 744 4811 »lepidus«
767 4745 829 4796 alias
847 4744 917 4794 aliud
935 4747 1080 4811 ponendum
1099 4757 1144 4798 est.
