3500 5498
329 705 400 788 tur),
424 724 489 788 quo
512 705 608 786 pinus
631 702 672 765 de
694 721 730 764 se
754 700 890 782 loquens
913 701 1081 774 inducitur,
1106 701 1243 774 ervit,
1269 723 1335 784 quo
1359 702 1400 764 de
1416 701 1548 784 Alpheo
1566 701 1620 782 Sy·

335 815 441 878 acusis
471 833 572 896 aquas
605 811 828 876 summittente
856 813 977 892 agitur,
1008 811 1186 894 elegiarum
1217 812 1324 874 colore
1355 812 1502 894 praedita
1534 822 1618 894 sunt,

320 927 378 988 sed
400 945 472 988 curn
504 923 616 986 mutila
647 923 815 1005 videantur
845 943 925 996 esse,
959 943 1023 985 non
1055 922 1255 1004 perspicitur,
1281 923 1371 984 cuius
1393 924 1522 1003 generis
1546 924 1616 984 siut.

319 1036 457 1099 Carmen
479 1035 533 1098 V1.
569 1035 610 1096 de
633 1032 726 1096 Echo
757 1040 790 1095 et
812 1033 914 1114 Lyda,
939 1033 1036 1095 Panis
1065 1033 1187 1110 amicis,
1217 1053 1357 1115 poeseos
1379 1032 1618 1095 Alexandrinae

265 1224 270 1234 Ι
318 1147 485 1230 specimen
519 1144 692 1224 singulare,
729 1142 1000 1224 epigrammatum
1035 1152 1144 1206 servat
1176 1144 1335 1221 indolem3
1369 1163 1499 1205 carmen
1532 1144 1616 1205 VIll.

322 1258 423 1340 epigr.
448 1265 498 1318 est
521 1257 553 1317 in
576 1254 734 1316 Amorem
758 1261 914 1315 arantem.
961 1253 1051 1315 Addi
1074 1253 1181 1316 solent
1202 1262 1267 1315 tres
1289 1273 1410 1326 versus,
1438 1255 1478 1316 de
1501 1255 1619 1338 quibus
1723 1275 1724 1284 ¹

323 1368 456 1430 omnino
477 1365 519 1432 nil
541 1373 679 1428 constat.

425 1476 492 1539 Iam
517 1493 679 1537 summam
703 1493 824 1547 corum,
851 1493 935 1557 quae
959 1473 1066 1536 adhuc
1090 1474 1261 1556 disputavi,
1287 1473 1317 1535 in
1335 1475 1477 1540 medium
1502 1495 1618 1558 propo·

321 1608 403 1651 nam.
448 1587 641 1650 Theocritus
664 1587 706 1647 ab
729 1583 919 1667 aequalibus
943 1582 1075 1666 Μόσχος
1103 1584 1283 1666 appellatus
1314 1594 1372 1658 est,
1403 1593 1438 1646 ut
1471 1585 1617 1666 designa·

321 1709 392 1762 rent
415 1697 635 1760 carminum
658 1693 952 1757 bucolicorum
976 1703 1160 1760 auctorem:
1185 1703 1220 1755 ut
1243 1693 1305 1755 hoc
1321 1696 1518 1773 cognomine
1543 1716 1618 1758 eum

321 1808 521 1891 appellarent
544 1805 702 1868 commoti
726 1812 801 1866 sunt
824 1805 924 1886 ipsius
947 1804 1104 1878 versibus,
1129 1824 1157 1870 e.
1182 1825 1213 1885 g.
1237 1803 1303 1869 his:

321 1920 374 1983 IX.
402 1935 429 1999 7.
455 1917 495 2000 (6.
520 1916 646 1998 Meinl:
684 1909 838 1995 οἱδύμὲν
861 1906 882 1974 οἱ
904 1909 1065 1994 μόσχος
1089 1911 1304 1994 γαρύεται,
1329 1909 1390 1978 ddd
1418 1915 1452 1979 da
1473 1911 1516 1998 χοὶ
1543 1919 1617 1995 βὼς,

322 2025 383 2094 ἁδὺ
405 2027 437 2092 δὲ
459 2022 502 2111 χά
526 2034 648 2110 σῦριγξ,
671 2015 719 2106 χὼ
741 2020 911 2102 βουκόλος,
937 2016 1011 2084 ἁδὺ
1035 2020 1077 2084 δὲ
1099 2019 1250 2105 κήγὼν.

426 2137 696 2200 Amantissimum
721 2141 831 2195 autem
856 2130 952 2193 fuisse
977 2150 1094 2192 aevum
1118 2129 1376 2196 Alexandrinum
1404 2134 1519 2198 talium
1543 2158 1618 2220 cug-

321 2249 488 2312 nominum
511 2247 573 2312 alia
603 2244 754 2326 exempla
785 2241 1017 2304 demonstrant.
1067 2239 1251 2325 Syringis1)
1276 2244 1360 2306 enim
1391 2256 1504 2309 auctor
1527 2247 1618 2329 (Sim-

321 2360 413 2442 mias)
438 2379 482 2423 vs
512 2373 560 2422 12.
591 2354 733 2436 appellat
756 2351 968 2415 Theocritum
992 2389 1033 2397 -
1058 2351 1271 2415 Simichidam
1294 2353 1344 2435 (cl.
1370 2354 1410 2416 id.
1435 2356 1518 2439 Vll.)
1546 2359 1618 2422 ,Pa-

323 2468 456 2542 rideme,
481 2487 546 2549 quo
568 2466 636 2528 sine
651 2464 751 2526 dubio
768 2482 887 2524 nomen
915 2465 977 2526 Θεο
999 2501 1041 2508 -
1064 2484 1176 2545 κριτος
1199 2460 1303 2527 facete
1319 2467 1502 2546 explicavit,
1529 2470 1619 2550 quasi

324 2588 409 2641 esset
432 2577 593 2639 arbiter
624 2574 792 2636 dearum
824 2572 873 2633 de
908 2571 1232 2655 pulchritudine
1256 2577 1511 2640 certantium
1535 2581 1619 2662 (θεο-

323 2689 458 2774 κριτος).
524 2686 600 2767 Quo
641 2683 837 2765 cognomine
871 2691 1038 2765 praeterea
1075 2682 1240 2746 Theocriti
1276 2696 1423 2749 naturam
1454 2691 1618 2754 amoribus

324 2809 410 2863 certe
443 2796 628 2880 proniorem
659 2795 786 2857 videtur
815 2793 1020 2872 designasse:
1054 2812 1129 2854 nam
1161 2793 1191 2854 in
1222 2795 1336 2876 idylliis
1360 2818 1494 2861 amores·
1510 2811 1618 2882 partes

325 2908 514 2991 multiplices
549 2906 753 2970 inveniuntur
788 2912 821 2965 et
850 2901 1064 2965 Callimachus
1094 2903 1195 2986 epigr.
1232 2918 1280 2983 52.
1312 2907 1478 2992 (Meinek.)
1514 2910 1620 2993 ipsum

328 3029 470 3103 poetam,
488 3026 523 3079 ut
538 3017 673 3089 videtur,
694 3013 837 3097 appellat
859 3010 920 3076 τὸν
936 3009 975 3076 τὸ
997 3011 1101 3076 καλόν
1123 3017 1324 3096 peturanum
1343 3016 1522 3103 Θεόκριτον
1546 3041 1622 3103 qua-

326 3132 353 3193 si
377 3148 514 3212 puerum
538 3135 682 3190 amatum
707 3125 756 3188 vel
778 3124 941 3187 amoribus
965 3124 1189 3209 proniorem.²)
1234 3127 1333 3190 Aliud
1357 3130 1544 3212 exemplum
1569 3153 1622 3195 no·

328 3309 592 3334 m———ss--a

436 3407 455 3477 ¹)
473 3409 520 3459 Cui
539 3423 637 3471 semper
655 3405 775 3456 decrescit
792 3405 919 3454 arundinis
939 3404 1001 3452 ordo

474 3503 508 3551 Et
525 3501 636 3550 calamus
654 3513 711 3547 cera
728 3497 838 3562 iungitur
856 3512 935 3560 usque
954 3497 1044 3547 minor.
1066 3496 1160 3547 Tibull.
1183 3499 1215 3547 11.
1237 3510 1260 3563 5.

472 3593 511 3642 Cl.
531 3591 667 3652 Fabricius,
685 3589 748 3640 bibl.
769 3606 807 3654 gr.
828 3589 876 3638 III.
899 3607 925 3654 p.
947 3599 1005 3651 774.

435 3686 454 3757 ²)
474 3685 622 3735 Commotus
641 3691 678 3732 est
704 3691 830 3750 praeterea
848 3681 1025 3742 Callimachus,
1045 3682 1071 3731 ni
1089 3683 1172 3745 sallor,
1193 3695 1219 3735 ut
1239 3686 1400 3738 Theocritum
1419 3691 1467 3740 hoc
1485 3693 1566 3759 epigr.
1588 3697 1623 3746 ita

327 3782 479 3848 appellaret,
509 3793 539 3826 ea
558 3792 596 3837 re,
625 3776 693 3840 quod
711 3775 883 3825 adolescentes
902 3774 1011 3824 Coenses
1038 3774 1228 3828 formosissimos
1247 3795 1300 3830 esse
1323 3781 1431 3846 vulgaris
1449 3794 1502 3834 erat
1520 3789 1623 3852 opinio,

327 3876 358 3926 cs.
380 3873 472 3922 Athen.
494 3871 516 3920 1.
540 3880 578 3932 15.
598 3871 624 3918 b.
662 3863 825 3938 Δαμόξενος
845 3872 984 3935 γοῦνφησι
992 3909 1069 3922 ,,,,,

502 3957 586 4018 θεοὺς
605 3957 661 4029 γάρ
682 3957 798 4030 φαίνεθ’
817 3956 831 4024 ἦ
850 3965 930 4024 νῆσος
950 3963 1058 4027 φέρειν,

503 4145 542 4213 ἤτ’
562 4145 700 4218 εὐρυθμία
721 4144 750 4198 τό
774 4145 795 4198 r’
814 4141 884 4211 ἦθος
903 4143 916 4209 ἡ
936 4141 1014 4205 τάξις
1032 4142 1112 4210 θ’ὕση

503 4241 533 4293 e’r
553 4248 591 4312 τῷ
611 4259 637 4292 τι
656 4237 790 4310 πράττειν
810 4242 824 4305 ἢ
844 4241 940 4308 λέγειν
960 4239 1100 4309 ἐφαίνετο,

504 4340 591 4405 πέρας
610 4352 636 4386 τι
655 4332 784 4398 κάλλους,
805 4333 915 4402 ἄνδρες·
937 4330 991 4386 οὔτ’
1012 4331 1120 4398 ἀκήκοα

503 4432 665 4500 ἔμπροσθεν
684 4427 747 4482 οὔθ’
768 4426 873 4500 ἑόρακα
893 4427 1023 4494 τοιαύτην
1042 4427 1141 4501 χάριν.

503 4519 591 4575 κακὸν
611 4524 645 4576 riv
665 4543 691 4576 τι
709 4526 810 4596 μεῖζον
830 4525 940 4589 ἔλαβον,
960 4527 986 4576 εἰ
1005 4526 1091 4576 πλείω
1113 4520 1222 4594 χρόνον

504 4620 611 4689 ἔμεινα·
633 4619 681 4671 καὶ
701 4625 752 4670 νῦν
773 4615 857 4688 δὀὗχ
878 4614 1020 4686 ὑγιαίνειν
1037 4638 1090 4690 μοι
1111 4620 1195 4682 δοκοῖ,
1208 4620 1304 4670 videtur
1320 4619 1414 4670 Conse
1428 4623 1562 4674 contulisse
1580 4625 1608 4675 hi

327 4712 369 4776 qui
387 4712 503 4777 loquitur,
523 4723 550 4763 ut
568 4713 678 4764 medicos
697 4715 872 4764 celeberrimos
892 4715 1039 4764 consuleret.
