3500 5498
762 447 848 534 A}
911 529 937 534 ,-

178 655 366 728 temporum
390 647 638 730 dispositionem
660 649 803 729 sequeris
833 651 975 731 perbene
998 654 1107 714 omnia
1130 673 1201 716 sese
1223 639 1345 717 habent
1369 673 1474 735 neque

177 778 268 819 error
291 759 480 826 statuendus
502 768 559 831 est,
585 757 611 818 si
635 757 817 838 Droysenii‚
841 768 890 822 est
911 765 1111 827 statuendus.
1138 801 1179 810 -

286 869 354 930 lam
375 869 568 931 accedamus
590 868 632 929 ad
656 867 752 930 aliam
774 871 1011 950 quaestioneml
1047 874 1232 956 Antigonus
1266 875 1351 936 enim
1375 874 1472 936 Thra·

177 999 295 1040 sonem
316 979 454 1041 amicum
478 977 625 1041 Athenas
656 979 742 1041 misit
765 981 940 1058 petiturum
964 982 995 1045 in
1017 968 1174 1046 contione
1193 984 1332 1066 publica,
1359 994 1394 1046 ut
1417 985 1473 1046 Ze-

177 1109 299 1151 nonem
332 1089 564 1171 philosophnm
592 1089 623 1151 in
655 1079 822 1152 Ceramico
851 1091 1060 1173 sepelirerent
1091 1093 1200 1174 (Diog.
1234 1091 1487 1178 L.V11.J15.);*

177 1199 398 1283 promulgavit
429 1199 545 1261 deinde
578 1199 783 1278 rogationem
814 1199 899 1262 illam
933 1203 1194 1268 celeberrimam:
1226 1201 1335 1287 ἐπειδὴ
1356 1187 1474 1288 Ζήνων

176 1307 332 1375 Μνασέου
355 1307 507 1384 Κιττιεύς
530 1305 586 1393 ίτη
609 1306 716 1390 πολλὰ
739 1308 825 1374 κατὰ
848 1314 1046 1392 φιλοσοφίαν
1070 1311 1105 1377 ἐν
1128 1315 1169 1395 τῇ
1191 1312 1284 1377 πόλει
1305 1313 1474 1397 γενόμενος

176 1417 216 1484 έν
239 1443 276 1485 τε
303 1433 372 1496 τοῖς
402 1424 526 1494 λοιποῖς
558 1415 640 1504 ἀνὴρ
672 1415 799 1503 ἀγαθὸς
822 1413 870 1484 ὢν
894 1421 1048 1487 διετέλεσε
1070 1423 1124 1487 καὶ
1147 1422 1224 1498 τούς
1248 1423 1292 1498 είς
1315 1424 1472 1492 σύστασιν

176 1527 274 1614 αὐτῷ
299 1538 367 1595 τῶν
392 1530 477 1594 νέων
493 1528 731 1614 πορευομένους
754 1535 956 1615 παρακαλῶν
978 1519 1151 1618 ἐπ’ἀρετην
1176 1535 1231 1598 καὶ
1254 1534 1471 1619 σωφροσύνην

175 1640 349 1725 παρώρμα,
372 1640 455 1722 πρὸς
478 1638 520 1706 τὰ
535 1639 687 1720 βέλτιστα
709 1641 911 1726 παράδειγμα
934 1641 995 1707 τὸν
1018 1641 1099 1708 ίδιον
1113 1645 1185 1724 βίον
1207 1641 1316 1719 ἐκθεὶς
1339 1639 1471 1723 ἅπασιν,

175 1749 368 1816 ἀκόλουθον
392 1747 472 1815 ὄντα
493 1765 562 1826 τοῖς
592 1749 698 1833 λόγοις
728 1745 776 1826 οίς
800 1752 966 1835 διελέγετο.
1047 1753 1154 1837 (Diog.
1180 1754 1215 1818 L.
1231 1754 1298 1816 VII.
1319 1756 1381 1837 ιο.)
1418 1755 1473 1816 Ad

176 1883 264 1944 quae
287 1864 446 1942 Droysen.
472 1862 491 1928 l.
506 1861 524 1926 l.
550 1885 577 1944 p.
604 1877 676 1940 229.
701 1884 730 1923 n.
754 1861 1041 1925 haecadnotavit:
1072 1863 1184 1926 ›Diess
1206 1863 1291 1926 kann
1316 1863 1472 1926 naturlich

177 1972 269 2036 nicht
299 1971 451 2034 wahrend
481 1974 538 2034 des
572 1971 892 2058 chremonideilschen
926 1973 1064 2054 Krieges
1095 1974 1279 2055 geschehen
1310 1976 1398 2054 sein3
1430 1976 1473 2037 da

176 2089 264 2146 ware
291 2083 341 2144 ein
371 2081 524 2144 attischer
552 2083 676 2163 Burger
700 2082 882 2167 (Thrason)‚
915 2083 973 2144 der
1003 2084 1049 2145 als
1073 2082 1254 2147 Gesandter
1285 2085 1342 2148 des
1375 2084 1472 2148 scind-

177 2194 284 2256 lichen
301 2192 498 2255 Monarchen
515 2191 599 2265 kam,
625 2193 714 2255 nicht
730 2193 915 2273 zugelassen
932 2193 983 2255 ein
1000 2192 1188 2275 Psephisma
1203 2215 1241 2256 zu
1256 2195 1471 2276 beantragen;

176 2341 222 2352 —
247 2303 329 2366 auch
351 2304 440 2366 nicht
464 2302 546 2364 nach
571 2303 628 2364 der
650 2303 914 2384 Unterwerfung:
946 2307 1038 2366 sonst
1062 2305 1151 2368 hatte
1175 2304 1363 2385 Antigonus
1385 2305 1473 2367 nicht

178 2413 414 2486 unterhandelt,
441 2413 581 2474 sondern
597 2412 787 2475 befohlen!‹
808 2451 848 2460 —
865 2414 932 2475 Iam
950 2415 990 2476 de
1007 2413 1254 2476 Atheniensium
1270 2415 1341 2498 ipso
1357 2414 1471 2494 plebis·
1564 2429 1569 2440 “

176 2526 244 2588 cito
274 2523 498 2586 disserendum
529 2523 606 2585 mihi
640 2531 697 2588 est.
764 2523 939 2586 Decretum
969 2534 1018 2587 est
1039 2520 1090 2588 ἐπ’
1109 2519 1285 2593 nutantum>
1316 2517 1472 2608 ἄρχοντος

176 2633 233 2698 ἐπὶ
275 2637 333 2720 τῆς
358 2630 583 2716 Ἀκαμαντίδος
616 2631 765 2717 πέμπτης
797 2637 995 2718 πρυτανείας
1028 2638 1320 2719 Μαιμακτηριῶνος
1353 2634 1472 2718 δεκάτη

176 2741 297 2833 ὑστέρᾳ
319 2746 414 2826 τρίτη
437 2745 491 2808 καὶ
514 2743 643 2828 εἰκοστή
665 2745 725 2828 τῆς
758 2746 959 2827 πρυτανείας
981 2743 1134 2829 ἐκκλησία
1168 2746 1264 2829 κυρία
1287 2752 1356 2810 τῶν
1379 2743 1470 2829 προέ·

177 2855 269 2937 ὅρων
290 2853 492 2938 ἐπεψήφισεν
508 2846 644 2930 Ἵππων,
668 2853 938 2939 Κρατιστοτέλης,
962 2854 1172 2937 Ξυμπετέων,
1195 2853 1293 2920 καλοί
1318 2854 1471 2938 συμπρόε-

177 2965 258 3046 δροι,
285 2964 425 3049 Θράσων
455 2963 632 3045 Θράσωνος
655 2959 827 3038 ’Ἀνακαιεύς
843 2960 943 3030 εἶπεν.
960 2968 1030 3030 κτλ.
1057 2965 1165 3048 (Diog.
1183 2966 1218 3026 L.
1237 2965 1255 3026 l.
1273 2966 1318 3048 1.).
1353 2965 1469 3028 Arrhe-

178 3075 288 3137 nidem
319 3085 428 3136 autem
461 3074 652 3136 archontem
676 3073 710 3136 C.
737 3073 786 3138 Fr.
818 3074 984 3136 Hermann
1008 3076 1039 3136 in
1063 3096 1091 3140 a.
1117 3071 1183 3148 2⁶⁸l7
1207 3096 1234 3137 a.
1261 3075 1335 3141 Chr.
1360 3095 1389 3140 n.
1414 3075 1467 3160 (ol.

184 3188 254 3251 128.
284 3184 324 3264 ι.)
356 3184 558 3246 referendum
591 3204 661 3245 esse
693 3183 817 3245 censuit
832 3183 866 3266 ¹).
913 3184 948 3246 In
973 3185 1146 3247 novissima
1169 3195 1279 3248 autem
1304 3187 1369 3269 (V.)
1393 3187 1469 3248 anti·

178 3295 337 3376 quitatum
363 3295 506 3374 editione
528 3293 580 3378 (cf.
607 3293 707 3356 fastos
730 3295 812 3356 libro
828 3295 985 3377 adiectos)
1010 3316 1083 3358 eum
1101 3295 1288 3358 archontem
1304 3317 1332 3356 a.
1350 3296 1422 3358 260.
1441 3317 1469 3362 a.

178 3404 252 3468 Chr.
265 3426 294 3466 n.
309 3406 363 3488 (z
378 3404 417 3466 ol.
438 3406 556 3487 1294)
572 3405 645 3470 edd.
662 3405 856 3469 tribuerunt:
874 3424 1033 3484 quaenam
1049 3426 1147 3468 causa
1162 3406 1247 3468 viros
1263 3405 1468 3468 doctissimos

178 3516 391 3577 commoverit
414 3515 468 3576 vix
492 3524 591 3596 patet.
639 3514 770 3576 Falsum
795 3535 864 3576 esse
890 3534 962 3576 eum
991 3535 1110 3577 annum
1133 3516 1196 3578 iam
1221 3536 1262 3578 ex
1297 3535 1336 3577 eo
1360 3535 1469 3578 conse-

178 3646 281 3707 quens
296 3633 354 3697 cst,
380 3625 469 3706 quod
485 3624 636 3687 Athenae
652 3635 720 3686 tum
746 3624 839 3709 plane
856 3645 1031 3708 oppressae
1055 3634 1162 3687 erant:
1190 3644 1265 3687 nam
1281 3624 1470 3706 Antigonus

177 3747 247 3799 tum
276 3736 467 3814 imperasset
491 3735 756 3808 Atheniensibus,
781 3744 815 3797 ut
838 3735 1004 3796 Zenonem
1038 3736 1069 3797 in
1092 3734 1261 3799 Ceramico
1284 3735 1466 3815 sepelirent,

178 3867 242 3908 non
267 3853 390 3907 orasset
424 3865 490 3917 eos,
526 3853 561 3906 ut
594 3855 680 3907 recte
704 3845 906 3924 Droysenius
943 3845 1077 3910 monuit.
1127 3845 1241 3924 Itaque
1276 3865 1349 3906 cum
1385 3847 1469 3910 nulla

177 3976 274 4018 causa
302 3955 412 4017 obstet
441 3953 588 4016 facillime
623 3955 823 4018 Arrhenides
855 3953 977 4015 archon
1013 3954 1053 4016 ol.
1084 3959 1155 4022 128.
1178 3972 1208 4032 4.
1235 3953 1315 4038 (²⁶74
1337 3976 1364 4018 a.
1392 3955 1466 4020 Chr.

285 4188 304 4258 ¹)
322 4189 463 4240 Zeitschrilt
480 4187 518 4236 stu
535 4188 641 4237 Alterth.
665 4187 737 4251 1845.
758 4205 782 4252 p.
804 4197 871 4250 594:
903 4207 982 4242 »....
1008 4186 1096 4237 Setzen
1123 4189 1167 4237 wir
1193 4205 1244 4237 nun
1272 4188 1320 4237 den
1338 4189 1471 4238 Ausbruch

176 4285 221 4333 des
238 4282 484 4332 chremonideischen
497 4279 603 4344 Krieges
621 4281 666 4329 mit
679 4281 790 4344 Droysen
812 4275 858 4346 (1)
877 4296 919 4328 um
940 4279 990 4328 266
1002 4297 1023 4328 v.
1038 4279 1107 4342 Chr.¹
1128 4297 1155 4330 so
1167 4281 1235 4342 wird¹
1255 4281 1288 4329 da
1306 4281 1386 4329 dieses
1404 4282 1470 4330 nach

177 4378 221 4426 der
239 4376 429 4440 Kallippischen
448 4371 552 4422 Perinde
570 4373 610 4422 ein
629 4372 770 4437 Schaltjahr
788 4372 832 4433 ist,
854 4372 1018 4421 Pithodemus
1035 4372 1167 4437 jedenfalls
1187 4373 1244 4422 dem
1264 4373 1353 4422 nttchst
1370 4373 1470 4422 vorher-

175 4466 321 4533 gehenden‚
349 4468 381 4517 ol.
409 4465 514 4525 128,¹.,
541 4465 593 4514 und
613 4465 782 4526 Arrhenides,
811 4465 923 4514 welchen
952 4464 1016 4512 Hert
1033 4466 1147 4529 Droysen
1174 4465 1268 4514 diesem
1284 4463 1345 4528 jahr
1362 4465 1469 4526 zuweist,

177 4560 210 4610 ol.
227 4560 327 4622 128,1.‚
346 4559 407 4609 oder
425 4554 493 4620 mli,
514 4557 664 4621 angehbren,
686 4558 769 4608 wohin
785 4558 812 4622 ja
830 4556 896 4606 ohne
914 4555 966 4605 dies
978 4556 1101 4606 Eusebius
1115 4557 1164 4608 den
1183 4557 1241 4608 Tod
1253 4557 1297 4606 des
1311 4555 1379 4606 Zeno
1392 4557 1467 4624 legtt.

178 4656 211 4702 At
230 4647 260 4703 εί.
284 4652 465 4717 Dittenberger.
486 4649 593 4700 Hermes
614 4651 644 4698 11.
664 4652 680 4701 l.
700 4652 715 4699 l.
