3500 5498
775 563 813 627 19
867 544 871 549 ’

146 749 243 838 diaron
266 762 326 831 τᾶς
347 755 435 840 ζοΐας
455 754 520 842 ἔχω
541 753 549 846 ii
573 756 614 841 ζά
636 757 679 822 τὰ
704 755 765 823 σὰν
787 759 886 838 ἰδέαν,
910 759 951 826 τὸ
976 760 1009 824 δὲ
1042 759 1159 824 λοιπὸν
1182 755 1345 837 ἀπώλετο,
1373 760 1440 842 qui·

147 865 209 928 bus
232 887 267 929 se
299 867 405 950 ipsum
437 878 523 930 certe
549 870 732 950 designavit
756 880 865 950 poeta,
897 881 930 934 et
952 872 996 937 id.
1019 871 1145 946 xxm,
1171 872 1196 932 si
1221 882 1271 933 est
1292 870 1443 933 Theocri-

147 987 246 1049 teum,
272 999 317 1039 vs.
346 981 399 1045 28.
423 999 546 1060 seqq..
573 1000 657 1061 quae
680 981 778 1042 verba
810 982 919 1043 omnia
950 982 991 1043 de
1023 983 1108 1044 vitae
1139 980 1300 1042 humanae
1332 979 1444 1060 fragili·

147 1096 215 1148 tate
250 1098 351 1168 agunt
384 1089 547 1170 talemque
581 1089 741 1152 tristitiam
775 1111 852 1172 prae
883 1111 917 1153 se
948 1091 1064 1164 ferunt,
1101 1102 1136 1154 ut
1170 1100 1303 1172 poetam
1338 1098 1446 1152 aetate

148 1200 386 1280 provectiorem
419 1200 451 1261 id
484 1190 615 1261 carmen
644 1201 810 1281 scripsisse
842 1201 1001 1284 opineris3
1031 1200 1070 1263 ci.
1099 1209 1275 1285 praeterea¹
1291 1201 1333 1266 id.
1357 1199 1444 1262 XlV.

148 1328 193 1373 vs.
218 1309 270 1374 68.
295 1329 413 1392 seqq:
439 1305 507 1372 ἀπὸ
527 1311 708 1392 κροτάφων
732 1309 920 1393 πελόμεσθα
942 1308 950 1399 il
973 1309 1096 1386 πάντες
1119 1309 1279 1394 γηραλέοι,
1303 1311 1358 1374 καὶ
1379 1307 1444 1373 ἔπι·

149 1416 251 1502 σχερὼ
272 1416 305 1494 ἐς
328 1418 425 1502 γένυν
448 1416 539 1504 ἕρπει
562 1417 571 1508 ii
595 1421 779 1484 λευκαὶνωυ
800 1416 819 1485 ὁ
839 1399 967 1506 χρὀος,
990 1441 1073 1503 quos
1098 1420 1227 1483 Hauler.
1250 1419 1269 1482 l.
1295 1421 1312 1485 l.
1339 1442 1371 1502 p.
1394 1435 1442 1486 10.

149 1529 191 1590 ad
214 1528 423 1592 Theocritum
447 1531 552 1612 ipsum
577 1541 725 1612 spectare
750 1543 870 1594 censet.

254 1641 310 1702 Ad
334 1651 472 1702 mortem
501 1641 640 1722 denique
665 1640 830 1705 Theocriti
861 1641 1080 1704 referebantur
1102 1638 1162 1702 Ov.
1186 1639 1267 1706 Ibid.
1290 1659 1338 1704 vs.
1365 1651 1379 1719 5
1387 1652 1444 1718 51:

260 1739 264 1752 ’
309 1750 394 1814 Utve
419 1750 592 1832 Syracosio
614 1753 806 1833 praestricta
830 1751 922 1815 fauce
946 1759 1069 1834 poetae
1300 1741 1303 1746 ¹

310 1860 363 1922 Sic
387 1863 514 1922 animae
538 1861 656 1943 laqueo
679 1864 720 1925 sit
744 1864 795 1924 via
818 1863 925 1926 clausa
949 1870 1034 1935 tuae,

148 1989 222 2031 cum
243 1970 343 2032 schol.
363 1971 576 2034 Theocritum
597 1973 768 2054 designent
777 1973 808 2044 ¹).
856 1972 922 2036 Sed
952 1981 1038 2034 recte
1060 1969 1254 2033 Fritzschius
1279 1970 1334 2051 (de
1357 1979 1445 2050 poet.

147 2099 195 2159 gr.
222 2080 294 2144 buc.
312 2101 342 2162 p.
367 2083 427 2164 ιο.)
449 2080 532 2144 hanc
556 2083 697 2146 fabulam
715 2083 865 2165 reiecit²).
901 2081 1155 2145 Concedendurn
1170 2101 1249 2142 sane
1266 2090 1316 2141 est
1335 2078 1443 2142 Ovidii

149 2191 300 2271 aequales
324 2191 535 2254 Theocritum
559 2192 705 2256 sollemni
730 2215 788 2256 usu
816 2203 948 2276 poetam
972 2191 1113 2255 Siculum
1143 2190 1210 2252 sive
1233 2189 1442 2270 Syracusium

150 2300 347 2382 appellasse:
372 2312 405 2363 at
429 2300 653 2376 Callimachus,
676 2324 774 2384 quem
798 2303 997 2385 expressisse
1020 2322 1054 2364 se
1071 2301 1147 2364 dicit
1164 2301 1233 2383 ipse
1257 2298 1394 2380 Ovidius
1406 2299 1443 2382 ³),

148 2410 211 2472 hoc
234 2410 307 2473 loco
329 2411 542 2474 Theocritum
567 2412 737 2494 designare
761 2435 826 2476 non
849 2413 965 2495 potuit,
991 2413 1143 2494 quoniam
1165 2409 1293 2492 scripsit
1318 2409 1441 2471 Ibidem

148 2521 179 2582 in
202 2521 414 2602 Apollonium
440 2521 605 2584 Rhodium
629 2543 696 2604 quo
726 2534 875 2605 tempore
898 2499 1091 2585 Theocritus
1123 2523 1205 2584 inter
1234 2521 1328 2583 vivos
1356 2526 1444 2581 certe

149 2641 226 2694 erat.
239 2635 264 2714 ⁴)
310 2633 423 2716 ltaque
439 2655 503 2716 ego
520 2654 652 2717 quoque
672 2634 865 2697 crediderim
883 2633 1036 2697 Ovidium
1052 2653 1091 2694 eo
1107 2630 1181 2694 loco
1197 2629 1442 2712 Empedoclem,

148 2763 247 2824 quem
269 2743 424 2806 Horatius
446 2727 490 2809 AJ
507 2745 542 2810 P.
559 2763 605 2811 vs.
623 2745 697 2823 463.
726 2743 888 2807 »Siculum
911 2754 1062 2826 poetam«
1089 2739 1239 2824 appellat,
1259 2741 1441 2813 denotasse,

146 2854 338 2935 praesertim
361 2873 435 2916 cum
459 2874 522 2916 una
546 2876 588 2917 ex
610 2855 775 2936 permultis
798 2856 838 2916 de
863 2855 991 2916 interitu
1015 2852 1110 2916 huius
1133 2852 1217 2914 vatis
1240 2850 1442 2933 praesagien-

147 2964 188 3025 tis
226 2931 339 3026 iabulis
369 2983 442 3026 eum
475 2957 621 3027 'saucibus
652 2965 849 3048 praestrictis
882 2965 1038 3027 interiisse
1062 2970 1179 3028 narret.
1227 2959 1378 3023 Ceterum
1403 2958 1442 3026 cf.

148 3073 303 3140 Fritzsch.
328 3075 347 3139 l.
372 3074 391 3141 l,

261 3359 279 3426 ¹)
297 3361 374 3410 Schol
388 3377 394 3412 :
416 3362 457 3410 »id
475 3373 512 3410 est
524 3361 658 3411 Theocrito
672 3362 801 3426 Syracusio
820 3371 917 3426 poetae,
936 3361 1069 3426 quiquam
1082 3360 1107 3410 in
1120 3360 1238 3410 Hieronis
1249 3359 1347 3423 tyranni
1361 3356 1441 3408 filium

108 3447 111 3454 '
149 3452 262 3500 invectus
280 3466 353 3514 esset,
373 3454 406 3502 alr
424 3470 455 3502 eo
473 3454 530 3502 ideo
550 3463 587 3502 est
606 3455 662 3519 capi
680 3455 761 3503 iussus
780 3463 807 3504 ut
827 3470 884 3503 eum
904 3454 937 3502 ad
956 3453 1107 3518 supplicium
1119 3452 1183 3502 trahi
1201 3451 1337 3501 simularet.
1366 3451 1443 3500 lnter·

149 3553 250 3610 rogatus
270 3545 290 3593 si
310 3545 429 3610 deinceps
448 3563 463 3594 a
481 3546 620 3596 maledictis
634 3546 771 3606 desisteret,
791 3547 833 3597 ille
852 3562 882 3596 eo
895 3546 974 3595 acrius
992 3545 1067 3594 etiam
1086 3546 1138 3609 regi
1156 3544 1203 3609 ipsi
1222 3543 1371 3592 maledicere
1388 3558 1444 3592 coe·

149 3638 192 3701 pit¹
213 3638 256 3701 qui
269 3637 413 3702 indignatus
432 3655 483 3687 non
502 3640 552 3688 iam
570 3641 603 3688 ad
622 3639 772 3700 simulatum,
792 3640 836 3689 sed
850 3641 989 3690 ad.certum
1003 3637 1154 3702 supplicium
1167 3637 1221 3702 rapi
1234 3637 1319 3685 iussit:
1340 3635 1442 3699 quidam

149 3729 239 3793 laqueo
258 3731 443 3794 strangulatum
462 3732 565 3794 quidam
584 3740 659 3796 caput
677 3748 778 3782 caesum
791 3723 954 3798 prodiderer:
973 3746 1024 3778 non
1043 3731 1144 3795 sapiunt
1161 3745 1191 3779 ea
1209 3729 1382 3778 Theocritum.

256 3819 276 3888 ⁷)
295 3823 371 3873 Falso
390 3824 551 3872 Theocritum
571 3825 693 3872 nominari
712 3824 832 3873 intellexit
850 3825 900 3872 iam
916 3824 939 3887 J.
959 3824 990 3873 A.
1010 3821 1152 3872 Fabricius:
1173 3821 1324 3870 bibliotheca
1342 3834 1441 3884 graeca.

149 3913 190 3962 ed.
209 3914 252 3968 lv,
273 3931 322 3965 cur.
344 3915 375 3964 G.
387 3915 533 3980 Christoph.
553 3916 649 3965 Harles.
669 3917 717 3966 vol.
738 3917 785 3966 Ill.
810 3917 943 3980 Hamburg
966 3925 1040 3976 1793.
1061 3931 1085 3978 p.
1107 3915 1165 3974 767.

255 4003 275 4072 ³)
295 4007 340 4057 Ov.
361 4008 399 4058 lb.
420 4008 508 4071 5561:
531 4024 597 4057 nunc
616 4025 667 4072 quo
687 4008 813 4060 Battiades
832 4009 958 4057 inimicum
979 4007 1084 4056 devoret
1104 4006 1168 4066 lbin,

324 4101 381 4150 Hoc
400 4116 448 4165 ego
467 4101 578 4150 devoveo
597 4110 672 4166 teque
690 4109 796 4165 tuosque
815 4102 900 4161 modo,

326 4193 407 4257 thue
426 4193 468 4242 ille
486 4193 595 4242 historiis
613 4194 739 4243 involvam
758 4195 868 4244 carmina
886 4194 977 4252 caecis,

325 4285 384 4334 Non
403 4285 498 4334 soleam
517 4287 630 4348 quamvis
652 4287 700 4334 hoc
718 4303 798 4351 genus
817 4287 870 4351 ipse
889 4286 966 4348 sequi.

325 4375 396 4426 lllius
415 4378 535 4440 ambages
553 4378 663 4427 imitatus
680 4379 706 4426 in
728 4378 799 4426 Ibide
818 4378 893 4436 dicar,

326 4469 427 4520 Oblitus
445 4470 521 4519 moris
539 4470 673 4534 iudiciique
692 4472 748 4520 mei.

254 4560 275 4629 ⁴)
294 4562 332 4611 Cs.
352 4565 384 4612 A.
403 4564 540 4613 Weichert:
572 4563 654 4612 Ueber
680 4563 726 4612 das
751 4564 838 4612 Leberr
867 4564 919 4612 und
947 4562 1056 4612 Gedicht
1083 4560 1127 4610 des
1154 4559 1239 4626 Apoll.
1259 4574 1308 4606 von
1327 4558 1441 4621 Rhodus,

147 4655 256 4704 Meissen
279 4653 353 4704 1821.
373 4653 391 4722 ἓ
412 4668 449 4704 ro.
470 4671 539 4718 seqq.
578 4655 613 4703 M.
633 4657 664 4703 Α.
684 4655 795 4704 Linclre:
825 4658 865 4707 De
886 4657 984 4706 Callim.
1004 4655 1046 4702 vit.
1065 4662 1090 4702 et
1109 4652 1190 4717 script.
1211 4668 1236 4716 p.
1256 4662 1297 4698 20.
1336 4649 1442 4702 Cenat:

148 4745 186 4796 La
204 4747 315 4811 querelle
334 4757 380 4797 etc.
400 4765 424 4812 p.
446 4761 459 4796 2
464 4760 487 4810 3.
507 4762 576 4810 seqq.
597 4748 629 4796 nl.
