3500 5498
782 489 823 567 67

262 699 372 780 Atque
399 701 599 782 Droysenius
615 701 746 783 quidem
769 723 908 775 carmen,
935 701 976 764 de
999 722 1066 783 quo
1082 701 1198 781 agitur,
1226 703 1258 764 in
1282 701 1357 766 belli
1376 701 1450 784 Syri

151 809 292 882 alterius,
318 812 407 891 quod
431 812 505 874 inde
526 813 569 874 ab
592 832 678 875 anno
702 811 766 875 lere
793 817 865 893 258.
892 834 920 878 a.
943 811 1017 874 Chr.
1044 830 1074 877 n.
1099 812 1140 874 ad
1166 815 1239 888 248.
1265 833 1293 879 a.
1319 812 1392 875 Chr.
1417 833 1449 880 n.

151 920 286 982 ductum
311 941 382 982 esse
405 922 525 994 statuit,
550 921 705 985 tumultus
730 923 932 985 referendum
958 942 1029 984 esse
1052 931 1172 996 censet,
1198 923 1244 986 ita
1267 933 1387 998 tamen,
1414 932 1450 986 ut

151 1031 195 1091 sit
229 1032 456 1114 compositum,
491 1042 666 1116 antequam
692 1032 819 1107 Samos,
844 1033 1021 1113 Magnesia,
1057 1031 1206 1115 Ephesus
1242 1041 1450 1118 expugnatae

152 1151 262 1202 essent
279 1140 439 1223 (Droysen
465 1142 483 1204 l.
509 1142 528 1208 l.
546 1166 575 1226 p.
596 1147 669 1223 318.
696 1165 726 1210 n.
750 1146 803 1227 4.).
852 1143 1005 1206 Continet
1029 1143 1115 1204 enim
1137 1163 1179 1204 ex
1203 1144 1270 1205 eius
1285 1123 1449 1207 sententia

149 1251 191 1312 id.
217 1251 317 1314 XVII.
344 1273 454 1314 earum
472 1253 604 1336 quidem
635 1254 872 1336 provinciarum
896 1253 1185 1326 enumerationem,
1211 1272 1296 1334 quae
1319 1253 1447 1316 nonnisi

150 1382 191 1424 eo
214 1362 300 1424 bello
323 1384 342 1425 a
365 1363 574 1445 Philadelpho
604 1373 813 1446 expugnatae
836 1385 907 1426 esse
936 1372 1081 1447 possunt.
1128 1362 1240 1445 Atque
1264 1382 1337 1424 cum
1362 1363 1447 1426 desit

148 1473 183 1534 in
208 1494 247 1535 ea
269 1473 509 1536 enumeratione
525 1474 612 1536 Ionia
626 1474 810 1556 «provincia,
837 1475 877 1535 id.
897 1473 996 1536 XVll.
1022 1473 1131 1555 ipsum
1155 1481 1232 1535 ante
1254 1473 1362 1536 Ioniae
1394 1493 1445 1534 ex-

149 1584 389 1664 pugnationem
414 1583 633 1665 compositum
656 1603 726 1646 esse
750 1603 881 1646 necesse
905 1593 964 1648 est.
989 1623 1032 1632 --
1056 1585 1140 1647 Eam
1166 1585 1297 1669 quidem
1321 1585 1444 1648 ratioci-

150 1696 319 1757 nationem
342 1703 471 1756 secutus
495 1692 655 1756 Haulerus
679 1716 711 1777 p.
738 1708 787 1772 25.
820 1715 940 1756 annum
968 1695 1034 1757 fere
1066 1709 1139 1776 259.
1163 1715 1190 1758 a.
1218 1693 1291 1762 Chr.
1324 1716 1354 1762 n.
1379 1715 1443 1758 car·

150 1807 246 1868 minis
272 1805 412 1868 natalem
436 1806 609 1868 constituit.
899 1802 904 1809 ’

256 1917 304 1978 Ea
326 1916 566 1995 praemittenda
590 1914 666 1976 mihi
689 1914 757 1976 visa
781 1923 871 1976 sunt:
904 1915 1033 1977 uberius
1064 1916 1105 1978 de
1137 1915 1301 1997 utriusque
1324 1897 1446 1979 autoris

147 2027 255 2088 causis
290 2026 371 2087 infra
408 2025 483 2087 mihi
519 2026 579 2087 erit
612 2025 793 2105 agendum3
829 2034 1057 2105 persuaserunt
1092 2025 1170 2108 mihi
1204 2026 1335 2105 quidem
1368 2045 1441 2090 non.

148 2137 236 2199 Nam
260 2157 289 2197 v.
313 2136 343 2201 d.
370 2136 519 2217 Droysen
545 2135 638 2197 nimis
662 2136 749 2197 nisus
772 2136 899 2196 videtur
923 2155 994 2197 esse
1017 2135 1048 2197 in
1073 2155 1184 2197 earum
1208 2136 1445 2217 provinciarum

147 2246 308 2328 catalogo,
341 2265 421 2325 quas
451 2246 492 2307 ad
516 2244 590 2307 illud
621 2245 739 2308 bellum
771 2245 902 2318 rettulit,
936 2247 1083 2326 quamvis
1106 2255 1139 2308 et
1171 2246 1240 2327 ipse
1262 2246 1441 2328 scripserit:

150 2357 218 2420 ›So
249 2355 469 2418 vollkommen
498 2355 668 2418 vereinzelt
698 2354 785 2417 steht
817 2354 906 2416 diese
931 2355 1073 2435 Angabe
1105 2358 1169 2438 (ap.
1196 2355 1385 2438 Hieronym.
1411 2356 1442 2418 in

145 2469 233 2530 Dan.
259 2469 313 2534 xi,
338 2467 390 2550 6.),
416 2467 490 2528 dass
514 2465 706 2547 ,grundliehe
728 2464 889 2528 Forscher
911 2464 1018 2527 haben
1042 2465 1182 2547 glauben
1214 2467 1352 2532 konnen.
1387 2467 1444 2530 der

144 2579 251 2658 Krieg
284 2579 330 2640 sei
365 2576 594 2640 chimaeriseh‹
632 2575 670 2638 cf.
706 2576 828 2656 Thrige
858 2577 924 2638 Res
952 2575 1068 2656 Cyren,
1100 2597 1131 2659 p.
1166 2591 1238 2656 237.
1291 2577 1444 2658 Neglexit

144 2690 233 2752 enim
268 2709 341 2750 mea
374 2689 536 2751 sententia
572 2707 702 2749 causam
733 2687 784 2748 vel
811 2687 1032 2767 gravissimam
1066 2695 1098 2748 et
1129 2686 1225 2769 plane
1256 2696 1375 2769 aptam,
1408 2696 1444 2772 ut

143 2799 276 2860 videtur
298 2799 384 2872 mihi,
399 2798 451 2859 'ad
466 2797 681 2872 ,refutandam
697 2797 765 2863 eius
788 2797 1015 2888 coniecturam.
1062 2795 1145 2858 Nam
1163 2796 1251 2878 quod
1274 2797 1443 2859 vehemen-

142 2920 199 2972 ter
223 2929 274 2970 me
298 2907 484 2980 commovit,
511 2916 633 2969 utnon
665 2906 801 2969 lacerem
834 2927 907 2968 cum
931 2907 1123 2987 Droyseni0‚
1150 2905 1311 2988 estquod
1335 2905 1440 2967 Theo-

142 3020 246 3082 critus
269 3019 342 3082 inde
364 3040 383 3081 a
406 3039 451 3080 vs.
478 3019 531 3095 64.
557 3018 597 3080 id.
622 3017 722 3082 XVll.
748 3018 828 3079 haec
852 3014 974 3099 profert
998 3017 1039 3078 de
1063 3016 1164 3079 insula
1187 3013 1249 3083 Co:

307 3128 404 3204 Κόως
425 3124 610 3210 (ίόλόλοξεν
631 3125 734 3190 ἰδοῖσα
758 3127 993 3211 (Ptolemaeum
1017 3125 1165 3209 Philad.)‚

307 3247 356 3320 φᾶ
377 3238 410 3302 db
433 3236 669 3319 καθαπτομένα
691 3237 827 3320 βρέφεος
847 3238 985 3321 χείρεσσι
1009 3237 1150 3318 φίλῃσιν·

283 3383 286 3388 ·
311 3341 428 3428 »Ὄλβια
450 3355 548 3431 κοῦρε
569 3347 684 3429 γένοιο,
708 3349 789 3422 τίσις
812 3345 847 3411 δέ
867 3370 906 3430 με
930 3345 1058 3417 τόσσον,
1083 3340 1161 3411 ὅσον
1184 3368 1245 3429 περ

306 3460 413 3522 Λαίαν
435 3455 585 3540 ἐτίμασαν
606 3456 828 3540 κυανάμπυκα
857 3461 974 3536 Φοῖβος
987 3451 1166 3524 Ἁπόλλων.

306 3568 341 3634 ἐν
364 3569 397 3633 δὲ
416 3571 472 3657 μιᾷ
497 3569 633 3652 Τρίοπος
654 3571 813 3631 καταθεῖο
836 3566 987 3643 κολώναν
1021 3633 1024 3640 ,

306 3675 377 3744 ίσον
399 3677 569 3761 Δωριέεσσι
593 3677 700 3761 νέμων
723 3677 818 3760 γέρας
840 3674 936 3760 ἐγγὺς
958 3675 1076 3754 ἐοῦσιν,

232 3811 237 3814 ·
308 3784 405 3855 ὅσσον
427 3790 481 3854 καὶ
500 3782 659 3873 (Ρὴναιαν
682 3783 764 3871 hung
786 3786 939 3872 ἐφίλησεν
949 3783 1148 3852 Ἀπόλλωνι
1378 3859 1379 3864 ἵ

254 3901 325 3962 Istis
350 3901 435 3962 enim
457 3900 669 3980 temporibus
695 3900 812 3982 quibus
828 3899 1046 3980 compositum
1063 3917 1134 3960 esse
1155 3896 1223 3959 vult
1239 3896 1440 3978 Droysenius

142 4013 212 4075 hoc
246 4030 383 4084 carmen,
420 4009 543 4073 insulae
573 4008 648 4073 Cois
683 4029 802 4072 nomen
833 4008 1059 4072 Alexandreae
1092 4003 1187 4069 valde
1222 4007 1373 4070 odiosum
1409 4019 1442 4072 et

143 4121 312 4184 inimicum
337 4121 431 4183 fuisse
454 4121 561 4194 debet,
588 4120 741 4199 quoniam
763 4120 936 4181 antecessit
964 4138 1074 4201 pugna
1103 4112 1223 4178 navalis
1251 4119 1339 4196 apud
1368 4138 1440 4181 eam

143 4234 251 4314 ipsam
275 4231 419 4304 insulam,
444 4251 509 4312 qua
532 4231 735 4293 Ptolemaeus
749 4229 787 4294 ll.
812 4227 1037 4310 Philadelphus
1061 4225 1156 4306 plane
1179 4226 1323 4288 devictus
1348 4236 1397 4290 est
1407 4227 1437 4313 ¹).

142 4341 223 4406 Una
252 4342 338 4402 enim
368 4361 441 4402 cum
469 4341 569 4414 Areo,
601 4340 935 4402 Lacedaemoniorum
967 4357 1054 4418 rege,
1079 4335 1296 4398 Athenienses
1326 4347 1441 4401 contra

142 4451 353 4532 Antigonum
377 4449 538 4514 Gonatam
570 4450 758 4513 rebellantes
791 4459 823 4512 et
853 4450 895 4512 ab
927 4468 966 4511 eo
998 4466 1095 4528 quam
1126 4445 1268 4508 maxime
1290 4456 1436 4525 vexatos,

259 4699 276 4771 ¹)
296 4702 392 4766 Sequor
412 4702 584 4766 Droysenium.
