3500 5498
783 511 824 588 65

268 719 449 802 Daphnidis
477 721 572 802 igitur
602 719 726 786 fistulae
759 725 936 787 inventoris
965 721 1074 784 fabula
1098 722 1243 786 similiter
1264 722 1456 805 explicanda

159 840 219 894 est.
266 831 342 892 Nais
372 841 482 892 autem
513 832 673 914 nympha,
704 854 802 915 qnam
832 834 1022 898 fontium
1054 832 1220 905 heroinam
1251 852 1321 894 esse
1350 832 1456 914 ipsum

160 961 281 1002 nomen
311 941 472 1021 designat,
506 950 593 1004 recte
617 943 685 1004 eius
709 965 791 1005 uxor
815 943 961 1025 legitima
989 943 1181 1006 nominatur.
1228 942 1292 1006 Ubi
1316 942 1456 1024 primnm

158 1060 270 1112 autem
294 1071 350 1112 ver
373 1053 467 1113 adest
489 1060 521 1112 et
543 1051 663 1131 glacies
691 1054 866 1116 tabescunt
897 1063 929 1116 et
960 1052 1163 1126 molliuntur,
1189 1052 1336 1134 Daphnis
1360 1052 1456 1114 heros

158 1160 292 1223 Xeneae
321 1181 434 1224 amore
462 1181 635 1242 percussus
667 1163 848 1230 inducitur:
885 1183 961 1225 uam
984 1162 1098 1225 Xenea
1122 1163 1208 1244 ipsa,
1243 1181 1325 1244 quae
1348 1157 1456 1225 sub'ito

157 1281 191 1332 et
214 1271 382 1352 inopinato
408 1272 501 1334 adest
522 1272 831 1355 adolescentemque
858 1273 1083 1354 splendentem
1115 1273 1325 1336 fervidissime
1357 1281 1454 1345 aurat,

157 1381 243 1442 veris
265 1380 398 1443 heroina
422 1391 480 1454 est,
506 1402 590 1463 quae
613 1381 733 1463 glacies
756 1392 789 1445 et
814 1383 903 1446 nives
926 1393 1097 1446 montanas
1120 1383 1222 1444 mollit
1255 1392 1288 1446 et
1318 1403 1454 1465 campos

157 1492 253 1553 novis
276 1490 409 1554 floribus
433 1491 660 1574 praeclaraque
684 1503 821 1556 exornat
845 1493 1044 1556 amoenitate
1068 1493 1160 1554 sicuti
1185 1494 1256 1572 ipsa
1281 1493 1454 1575 pulchritu·
1542 1485 1545 1492 ⁴

156 1601 234 1662 dine
257 1601 409 1677 singulari
433 1601 537 1665 floret.
585 1604 663 1670 Eius
685 1603 781 1684 igitur
801 1624 894 1667 amor
917 1603 1058 1666 feruidus
1082 1603 1264 1686 Daphnidis
1286 1604 1452 1666 morientis

157 1731 257 1772 causa
281 1720 339 1784 est,
364 1733 439 1774 nam
461 1713 599 1775 tabescit

317 1813 411 1886 εὖτε
432 1820 535 1906 χιὼν
557 1817 602 1898 ὥς
625 1845 675 1898 τις
696 1823 897 1888 κατετάκετο
918 1823 1046 1907 μακρὸν
1069 1819 1127 1904 ὑφ’
1150 1818 1256 1906 Αἷμον

317 1923 437 2016 illilus
459 1925 480 2017 ἢ
505 1926 662 1998 Ῥοδόπαν
691 1925 711 2018 ἢ
741 1934 917 1998 Καύκασον
946 1932 1166 2018 ἐσχατόωντα.
1213 1933 1350 1996 Theocr.
1381 1933 1450 1995 VII.

156 2041 210 2120 76.
257 2040 340 2104 Cum
363 2054 474 2105 autem
498 2064 563 2105 una
586 2063 660 2106 cum
683 2054 808 2106 aestate
831 2045 919 2107 calor
940 2053 1106 2106 accrescat
1130 2054 1162 2106 et
1185 2044 1340 2106 innumeri
1363 2043 1452 2106 rivuli

154 2161 190 2212 et
213 2161 372 2214 torrentes
395 2153 436 2214 de
466 2154 624 2215 montium
656 2154 846 2216 culminibus
879 2156 1066 2237 destrepant
1098 2164 1130 2216 et
1162 2155 1252 2217 nives
1283 2155 1314 2216 in
1346 2153 1452 2216 fontes

155 2261 287 2334 abeant,
312 2261 519 2345 Daphnidem
543 2264 648 2345 ipsum
672 2285 691 2326 a
713 2264 872 2326 Mercurio
894 2275 1001 2346 patre,
1035 2265 1185 2326 imbrium
1209 2273 1242 2326 et
1272 2265 1352 2326 roris
1375 2263 1450 2339 deo,

153 2372 187 2432 in
217 2371 340 2433 fontem
374 2373 640 2436 transformatum
675 2395 745 2436 esse
781 2374 907 2438 fabulae
941 2377 1065 2456 priscae
1100 2384 1188 2436 recte
1223 2383 1450 2439 narraverunt:

152 2481 349 2561 Syracusani
385 2483 460 2545 dein
494 2503 568 2545 eum
602 2484 726 2546 sontem
755 2476 924 2564 ‘Daphnis'
959 2486 1157 2567 appellatum
1193 2485 1278 2567 apud
1314 2505 1348 2545 se
1379 2503 1450 2547 esse

150 2583 335 2655 credebant
358 2592 458 2674 (Serv.
484 2594 582 2675 Verg.
608 2593 664 2656 ecl.
689 2594 729 2656 V.
754 2596 828 2677 zo).

262 2701 291 2764 Is
315 2701 443 2765 fabulae
465 2701 679 2766 Theocriteae
702 2721 816 2768 sensus
840 2703 917 2767 mihi
941 2704 1171 2770 videturesse.

261 2811 443 2895 Daphnidis
466 2813 575 2895 imago
598 2813 823 2894 mythologica
846 2801 934 2878 certe
957 2817 1174 2878 vetustissima
1196 2823 1262 2888 est,
1295 2816 1385 2896 quod
1408 2834 1448 2880 eo

149 2922 298 3002 ingrimis
333 2923 579 3004 comprobatur,
603 2926 692 3006 quod
717 2934 765 2988 est
799 2925 894 2988 heros
925 2926 1162 3007 pastoralis
1191 2935 1224 2989 et
1253 2926 1449 3007 ubicumque

149 3031 234 3092 coeli
257 3040 359 3094 status
383 3042 415 3094 et
438 3041 552 3095 natura
573 3033 718 3097 locorum
742 3037 828 3098 vitae
856 3037 1050 3118 pastoriciae
1083 3036 1212 3098 favebat
1235 3037 1304 3098 eius
1328 3055 1448 3098 memo·

148 3142 232 3202 riam
249 3142 444 3206 celebratam
461 3145 661 3210 invenimus„
702 3146 775 3226 Qua
793 3166 826 3208 re
839 3146 1027 3228 explicatur,
1054 3167 1121 3227 quo
1140 3147 1240 3208 modo
1256 3154 1307 3208 tot
1322 3145 1448 3208 fabulae

149 3252 194 3312 de
217 3273 257 3314 eo
281 3251 360 3333 fingi
383 3255 552 3336 poturrint.
600 3255 693 3316 Illum
716 3257 812 3337 igitur
844 3257 976 3319 heroem
1001 3266 1147 3338 pastores
1171 3255 1269 3318 Siculi
1291 3256 1352 3318 sibi
1374 3276 1447 3318 con-

148 3347 323 3425 stituerunt
338 3363 513 3431 fautorem:
538 3366 643 3428 elucet
664 3386 719 3428 cur
735 3365 833 3429 Siculi
846 3366 1032 3446 Apollinem
1056 3387 1195 3449 quoque,
1221 3367 1275 3448 qui
1301 3367 1447 3447 saepissi-

148 3491 205 3533 me
228 3481 277 3534 est
300 3473 380 3535 deus
402 3476 583 3556 pastoralis,
609 3476 842 3557 appellaverint
865 3476 1084 3558 Daphnidem.
1214 3559 1216 3565 k

259 3582 439 3657 Menalcas,
470 3585 652 3668 Daphnidis
680 3587 787 3648 socius
819 3596 851 3649 et
874 3587 1014 3660 amicus,
1045 3587 1114 3649 eius
1138 3596 1270 3649 naturae
1293 3585 1378 3647 bene
1401 3606 1447 3648 re-

148 3691 301 3773 spondet.
340 3693 427 3755 Nam
447 3706 583 3758 venator
606 3695 656 3760 ille
680 3698 853 3759 acerrimus
877 3696 1067 3759 nebularum
1091 3707 1124 3760 et
1147 3696 1283 3758 nubium
1306 3696 1447 3758 daemon

150 3811 203 3864 est
219 3799 251 3884 ¹),
276 3823 360 3884 quae
382 3815 479 3867 noctu
502 3827 562 3888 per
584 3826 695 3868 auram
710 3806 846 3869 volitant
861 3817 894 3870 et
910 3809 1067 3870 montium
1091 3806 1230 3869 culmina
1245 3807 1445 3870 circumdare

148 3911 275 3978 solent:
312 3913 381 3974 eius
414 3915 545 3996 quidem
577 3937 689 3980 amore
721 3917 912 3998 gravissimo
941 3917 1070 3980 incensa
1099 3915 1270 3998 Eriphanis
1300 3916 1445 3998 nympha

149 4032 324 4085 venantem
356 4025 500 4105 sequitur
528 4047 634 4108 neque
666 4047 807 4109 unquam
830 4046 904 4089 cum
934 4047 973 4089 eo
1001 4027 1173 4090 convenire
1205 4035 1323 4105 potest.
1371 4025 1446 4107 Qua

262 4254 279 4324 ¹)
299 4257 450 4306 venationes
468 4257 524 4307 illas
542 4260 734 4324 mythologicas,
754 4260 844 4324 quibus
862 4260 992 4309 abundant
1011 4259 1122 4308 omnium
1135 4259 1247 4324 gentium
1263 4257 1372 4320 fabulae,
1391 4273 1446 4308 see·

148 4364 288 4416 penumero
306 4350 412 4400 nebulas
431 4359 506 4400 noctu
525 4367 569 4416 per
587 4369 673 4402 auram
691 4352 822 4402 volitantes
840 4351 981 4416 significare
999 4352 1085 4401 multis
1104 4351 1224 4416 exemplis
1242 4358 1323 4414 potest
1342 4349 1445 4400 demon·

147 4442 235 4492 strati:
253 4440 285 4490 cf.
305 4442 417 4507 inprimis
430 4443 572 4508 Cephalum
584 4445 763 4494 Atheniensem
775 4443 990 4509 (Forchhammer.
1006 4445 1138 4494 Hellenica
1157 4460 1168 4493 s
1189 4460 1212 4492 v.
1229 4445 1385 4491 medum
1397 4441 1442 4511 Σ.)

148 4536 189 4583 Ex
212 4533 289 4582 nostri
314 4535 402 4599 populi
427 4536 518 4584 sabulis
544 4536 623 4586 multa
648 4537 762 4601 exempla
788 4537 890 4600 collegit
909 4546 933 4586 et
955 4538 1107 4603 sagicissime
1125 4535 1258 4602 explicavit
1275 4535 1305 4584 L.
1326 4535 1442 4585 Laistner

146 4625 351 4692 (2Nebelsagem
381 4628 407 4676 in
434 4627 533 4692 ephem.
562 4624 655 4678 ‘Kunst
682 4628 734 4677 und
762 4626 859 4678 Lebeu'
885 4630 935 4679 vol.
964 4630 983 4679 1.
1012 4646 1036 4695 p.
1057 4642 1117 4692 ²4⁴·
1144 4627 1244 4694 seqq.):
1275 4627 1306 4676 cf.
1326 4627 1441 4691 inprimis

146 4727 260 4768 nostrum
280 4712 379 4768 ‘wilden
395 4716 488 4784 Jliger'.
510 4714 665 4786 ‘Harzjfiger'
682 4722 715 4772 al.
