3500 5498
924 504 965 580 98

294 714 438 795 Neptuni
462 724 495 778 et
516 713 664 778 Canacae
688 713 749 796 (alii
767 711 863 775 aliam
889 722 1026 775 matrem
1050 707 1226 794 appellant)
1252 707 1344 782 filius,
1369 729 1443 771 cum
1465 710 1598 793 Pelasgi

299 823 367 886 eius
390 844 526 905 regnum
548 832 800 906 expugnassent,
826 843 868 884 ex
899 822 999 884 Dotio
1029 819 1215 883 Thessaliae
1236 839 1354 901 eampo
1384 819 1540 902 profugus
1565 822 1598 882 in

293 932 408 995 Cnidio
431 931 544 996 Cariae
578 934 804 1013 promuntorio
839 933 984 996 condidit
1007 931 1186 1013 Triopium,
1224 930 1278 991 ubi
1310 928 1415 992 Cereri
1451 930 1589 994 instituit

298 1063 403 1116 sacra,
440 1053 474 1105 ut
508 1044 588 1106 deae
612 1044 690 1105 iram
721 1042 967 1124 Erysichthonis
1000 1042 1054 1104 filii
1085 1041 1227 1104 facinore
1266 1040 1391 1102 nesasto
1421 1043 1597 1104 excitatam

297 1153 440 1234 placaret
451 1156 481 1236 ¹).
529 1154 577 1216 Ea
601 1154 698 1234 igitur
719 1153 862 1216 Cerealia
886 1153 1077 1216 instaurasse
1101 1151 1323 1214 Ptolemaeum
1347 1150 1597 1233 Philadelphum

297 1263 530 1344 comprobatur
559 1263 611 1325 illo
643 1264 716 1327 loco
749 1264 953 1326 Theocriteo.
1010 1261 1196 1328 Callimachi
1229 1281 1362 1342 quoque
1391 1261 1532 1342 hymnus
1564 1263 1597 1323 in

300 1371 460 1444 Cererem,
487 1382 521 1434 ut
543 1383 630 1435 reete
653 1384 765 1436 monet
787 1395 815 1436 v.
842 1375 872 1438 d.
899 1372 1004 1436 Couat
1030 1375 1243 1455 (Remarques
1268 1381 1329 1437 etc.
1353 1393 1383 1454 p.
1409 1388 1460 1449 34.
1485 1375 1595 1455 seqq.)

302 1482 364 1544 huc
381 1480 563 1544 referendus
579 1491 644 1549 est:
670 1503 867 1566 quamquam
884 1503 948 1544 non
968 1484 1075 1553 credo.
1093 1482 1326 1546 Callimachum
1342 1503 1417 1544 eum
1433 1484 1597 1564 hymnum

299 1590 499 1674 Philadelphi
515 1592 601 1654 iussu
619 1594 650 1655 in
668 1615 760 1656 usum
776 1594 920 1656 theoriae
937 1592 1124 1675 Aegyptiae
1141 1613 1179 1654 eo
1197 1594 1314 1654 missae
1331 1593 1594 1675 composuissell.

302 1703 405 1764 Deest
429 1703 513 1765 enim
537 1703 633 1785 plane
655 1725 694 1766 ea
718 1705 852 1776 indoles,
871 1724 934 1785 qua
958 1704 1095 1784 praediti
1119 1713 1195 1765 sunt
1211 1704 1231 1764 ii
1254 1703 1377 1784 hymni,
1402 1703 1457 1784 qui
1475 1703 1596 1766 diebus

300 1812 390 1874 festis
412 1815 636 1880 recitarentur:
661 1815 853 1878 describitur
876 1815 938 1876 dea
969 1813 1141 1876 furibanda
1168 1824 1201 1874 et
1230 1813 1386 1883 saeviens,
1418 1833 1491 1874 cum
1521 1833 1596 1875 esse

300 1924 419 1985 debeat
442 1925 503 1987 dea
524 1924 667 2005 benigna
691 1936 723 1987 et
753 1926 920 1999 benevola,
953 1925 1004 1987 cui
1029 1925 1060 1986 in
1089 1924 1224 2006 Triopio
1253 1923 1477 2005 promuntorio
1501 1943 1597 1985 sacra

298 2033 488 2114 agebantur.
535 2034 644 2110 Etiam
667 2045 796 2118 tempus
827 2037 921 2098 huius
952 2035 1065 2116 hymni
1088 2034 1202 2097 Conat.
1236 2034 1433 2096 constituere
1456 2042 1595 2095 conatus

298 2152 358 2209 est.
397 2141 525 2206 Cariam
550 2145 634 2206 enim
652 2146 795 2207 secundo
818 2145 902 2206 bello
920 2144 1003 2226 Syro
1029 2147 1059 2228 (2
1067 2147 1141 2223 58-
1155 2147 1217 2222 248
1237 2165 1266 2210 a.
1291 2143 1364 2207 Chr.
1383 2147 1428 2226 n.)
1453 2143 1597 2206 aPhila·

301 2253 421 2335 delpho
453 2264 677 2337 expugnatam
711 2266 743 2318 et
775 2257 863 2318 brevi
896 2265 972 2338 post
1007 2257 1075 2316 eius
1106 2255 1293 2336 provinciae
1316 2255 1599 2336 expugnationem

299 2363 384 2426 hunc
414 2363 571 2444 hymnum
603 2367 822 2449 compositum
854 2387 924 2429 esse
960 2366 1093 2450 statuit„
1123 2403 1165 2412 —
1199 2365 1327 2428 Cariam
1364 2375 1474 2428 autem
1508 2385 1599 2426 anno

302 2475 376 2554 265.
408 2495 435 2536 a.
465 2474 538 2537 Chr.
574 2496 603 2540 n.
637 2476 814 2538 Ptolemaei
847 2475 1047 2558 Philadelphi
1078 2477 1202 2558 imperii
1231 2484 1359 2557 partem
1394 2477 1456 2537 iam
1497 2474 1599 2538 fuisse

301 2605 397 2666 supra
419 2585 574 2647 vidimus:
601 2586 709 2667 itaque
733 2586 793 2648 hac
823 2588 954 2668 quidem
978 2589 1101 2651 ratione
1125 2588 1165 2650 de
1190 2595 1339 2669 tempore
1363 2585 1457 2648 huius
1480 2586 1597 2667 hymni

302 2694 379 2758 nihil
402 2696 479 2758 certi
503 2695 600 2757 statui
625 2675 749 2777 potestl

408 3231 509 3293 Vides
525 3231 621 3312 igitur
638 3229 678 3292 de
694 3231 782 3294 hisce
798 3253 929 3314 quoque
945 3232 1188 3314 quaestionibus
1204 3231 1309 3293 valere
1330 3231 1407 3293 illud
1432 3230 1599 3299 Senecae:

308 3341 464 3402 ›Multum
493 3341 600 3403 adhuc
632 3343 767 3405 restabit
796 3343 903 3424 operis
936 3344 1137 3424 multumque
1161 3342 1303 3415 restabit,
1342 3363 1400 3404 nec
1433 3342 1484 3403 ulli
1515 3353 1599 3405 nato

303 3459 379 3532 post
401 3450 485 3512 mille
508 3452 636 3514 saecula
658 3451 886 3532 praecludetur
909 3455 1036 3516 occasio
1056 3453 1176 3534 aliquid
1199 3451 1306 3514 adhuc
1329 3452 1522 3514 adiciendic.

305 3671 409 3734 Mythen
427 3671 458 3720 ist
475 3671 597 3720 heimisch
618 3670 662 3720 aui
674 3669 731 3719 dem
744 3671 930 3736 phthiotischen
944 3671 1006 3721 Feld
1021 3673 1122 3732 Dotion,
1142 3671 1284 3720 ausserdem
1297 3671 1321 3718 in
1343 3672 1424 3735 Argos
1440 3671 1491 3718 und
1505 3671 1601 3720 Attica.

304 3763 361 3811 Von
382 3763 439 3811 dem
458 3763 587 3812 dotischen
607 3763 707 3812 Gefi'de
725 3764 850 3813 wanderte
868 3780 895 3811 er
913 3781 945 3812 an
965 3763 1005 3812 die
1025 3763 1212 3812 Stldwestltliste
1230 3779 1279 3811 von
1300 3763 1469 3812 Kleinasien«.
1496 3764 1600 3814 Mdller.

305 3855 367 3904 Dor.
387 3855 405 3903 1.
426 3872 450 3920 p.
471 3867 532 3915 400.
1234 3837 1241 3848 .

417 3944 434 4014 ¹)
454 3947 492 3997 Cs.
513 3949 633 3998 Herodot.
653 3949 673 3997 l.
697 3960 753 4011 174.
783 3950 904 4016 Apollod.
925 3951 947 4000 1.
970 3962 1028 4012 Μ.
1060 3948 1136 3997 Diod.
1157 3949 1233 4012 556.
1254 3948 1347 3997 Conat:
1377 3949 1531 4011 Remarques
1551 3957 1602 3999 etc.

306 4058 331 4106 n·
352 4052 437 4102 39·11·
464 4031 485 4090 ι’·

414 4130 433 4201 ²)
455 4132 543 4182 Couat.
570 4133 586 4182 1.
606 4133 622 4182 l.
644 4150 669 4198 p.
689 4147 738 4194 40:
766 4135 915 4185 »Commeat
940 4135 1047 4185 aurait-il
1076 4137 1157 4184 mieux
1185 4135 1353 4200 encouragees
1373 4131 1420 4201 (les
1439 4132 1601 4201 panegyrica)

306 4225 381 4290 qu'en
399 4241 414 4288 y
433 4235 538 4290 prenant
557 4234 612 4290 part
630 4225 759 4276 lui-meme
778 4226 979 4296 (Philadelphus)
1000 4245 1031 4277 au
1051 4245 1110 4277 nom
1129 4228 1161 4276 de
1180 4228 1196 4277 l’
1209 4214 1306 4293 Egypte
1327 4227 1438 4276 devenue
1457 4243 1491 4274 un
1505 4228 1604 4292 empire

305 4321 379 4383 grec?
399 4317 532 4367 Commeat
550 4319 657 4367 auraitil
684 4320 767 4369 mieux
793 4320 879 4370 merite
902 4322 938 4370 les
963 4322 1115 4386 sympathies
1138 4321 1182 4369 des
1206 4319 1253 4370 iles
1279 4320 1410 4368 doriennes
1436 4319 1468 4368 de
1495 4319 1520 4366 la
1548 4336 1604 4370 mer

307 4397 383 4475 Egee,
403 4411 477 4474 qu'en
497 4417 621 4477 envoyant
640 4426 688 4459 une
707 4412 801 4461 theorie
819 4429 867 4462 aux
887 4413 1032 4463 sollennites
1050 4413 1084 4463 du
1097 4412 1227 4478 Triopium
1242 4422 1266 4463 et
1279 4430 1311 4462 en
1330 4413 1484 4463 demandant
1496 4410 1511 4461 l
1525 4412 1604 4463 Calli·

307 4518 397 4566 maque
416 4520 450 4553 nn
469 4506 558 4570 poeme
576 4517 640 4570 pour
658 4503 682 4552 la
702 4503 820 4554 Demeter
838 4507 870 4555 de
889 4506 978 4567 Cnide,
999 4522 1096 4556 comme
1114 4507 1131 4555 il
1150 4506 1184 4555 lui
1209 4522 1239 4555 en
1258 4507 1323 4555 avait
1342 4505 1466 4556 demanda
1484 4521 1518 4553 un
1538 4521 1606 4570 pour

307 4594 434 4646 l'Artemis
454 4593 595 4666 d'Ephlse?
616 4593 634 4662 (l
642 4594 661 4666 l)
