<?xml version="1.0" encoding="UTF-8"?>
<!DOCTYPE html PUBLIC "-//W3C//DTD XHTML 1.0 Transitional//EN"
    "http://www.w3.org/TR/xhtml1/DTD/xhtml1-transitional.dtd">
<html xmlns="http://www.w3.org/1999/xhtml" xml:lang="en" lang="en">
 <head>
  <title>
</title>
<meta http-equiv="Content-Type" content="text/html;charset=utf-8" />
  <meta name='ocr-system' content='tesseract 3.04.00' />
  <meta name='ocr-capabilities' content='ocr_page ocr_carea ocr_par ocr_line ocrx_word'/>
</head>
<body>
  <div class='ocr_page' id='page_1' title='image "./quaestionestheo00hempgoog_0012.png"; bbox 0 0 3500 5498; ppageno 0'>
   <div class='ocr_carea' id='block_1_1' title="bbox 816 513 837 574">
    <p class='ocr_par' dir='ltr' id='par_1_1' title="bbox 816 513 837 574">
     <span class='ocr_line' id='line_1_1' title="bbox 816 513 837 574; baseline 0 0"><span class='ocrx_word' id='word_1_1' title='bbox 816 513 837 574; x_wconf 89' lang='lat'><strong>9</strong></span> 
     </span>
    </p>
   </div>
   <div class='ocr_carea' id='block_1_2' title="bbox 173 706 1479 2982">
    <p class='ocr_par' dir='ltr' id='par_1_2' title="bbox 173 706 1479 2982">
     <span class='ocr_line' id='line_1_2' title="bbox 177 706 1479 792; baseline 0.002 -24"><span class='ocrx_word' id='word_1_2' title='bbox 177 715 252 768; x_wconf 91' lang='lat' dir='ltr'>nata</span> <span class='ocrx_word' id='word_1_3' title='bbox 280 707 407 770; x_wconf 89' lang='lat' dir='ltr'>videtur</span> <span class='ocrx_word' id='word_1_4' title='bbox 438 706 544 770; x_wconf 82' lang='lat' dir='ltr'>luisse.</span> <span class='ocrx_word' id='word_1_5' title='bbox 594 707 688 769; x_wconf 89' lang='lat' dir='ltr'>Hanc</span> <span class='ocrx_word' id='word_1_6' title='bbox 721 709 951 783; x_wconf 87' lang='lat' dir='ltr'>coniecturam,</span> <span class='ocrx_word' id='word_1_7' title='bbox 988 730 1087 792; x_wconf 92' lang='lat' dir='ltr'>quam</span> <span class='ocrx_word' id='word_1_8' title='bbox 1118 730 1184 772; x_wconf 93' lang='lat' dir='ltr'>non</span> <span class='ocrx_word' id='word_1_9' title='bbox 1212 711 1311 772; x_wconf 78' lang='lat' dir='ltr'>omni</span> <span class='ocrx_word' id='word_1_10' title='bbox 1333 709 1479 773; x_wconf 89' lang='lat' dir='ltr'>veritatis</span> 
     </span>
     <span class='ocr_line' id='line_1_3' title="bbox 176 817 1479 900; baseline 0.002 -22"><span class='ocrx_word' id='word_1_11' title='bbox 176 817 285 899; x_wconf 89' lang='lat' dir='ltr'>specie</span> <span class='ocrx_word' id='word_1_12' title='bbox 307 839 416 880; x_wconf 90' lang='lat' dir='ltr'>carere</span> <span class='ocrx_word' id='word_1_13' title='bbox 440 837 548 900; x_wconf 87' lang='lat' dir='ltr'>spero,</span> <span class='ocrx_word' id='word_1_14' title='bbox 573 817 633 878; x_wconf 91' lang='lat' dir='ltr'>alia</span> <span class='ocrx_word' id='word_1_15' title='bbox 664 828 856 897; x_wconf 87' lang='lat' dir='ltr'>argumenta</span> <span class='ocrx_word' id='word_1_16' title='bbox 889 819 1013 900; x_wconf 90' lang='lat' dir='ltr'>optime</span> <span class='ocrx_word' id='word_1_17' title='bbox 1044 821 1286 888; x_wconf 87' lang='lat' dir='ltr'>commendant.</span> <span class='ocrx_word' id='word_1_18' title='bbox 1334 820 1479 882; x_wconf 89' lang='lat' dir='ltr'>Philetas</span> 
     </span>
     <span class='ocr_line' id='line_1_4' title="bbox 177 927 1477 1011; baseline 0 -20"><span class='ocrx_word' id='word_1_19' title='bbox 177 929 263 991; x_wconf 91' lang='lat' dir='ltr'>enim</span> <span class='ocrx_word' id='word_1_20' title='bbox 287 927 432 1001; x_wconf 76' lang='lat' dir='ltr'>CoensiS,</span> <span class='ocrx_word' id='word_1_21' title='bbox 463 928 512 989; x_wconf 91' lang='lat' dir='ltr'>vir</span> <span class='ocrx_word' id='word_1_22' title='bbox 541 948 620 990; x_wconf 92' lang='lat' dir='ltr'>suae</span> <span class='ocrx_word' id='word_1_23' title='bbox 651 928 767 991; x_wconf 89' lang='lat' dir='ltr'>aetatis</span> <span class='ocrx_word' id='word_1_24' title='bbox 795 928 998 1002; x_wconf 90' lang='lat' dir='ltr'>clarissimus,</span> <span class='ocrx_word' id='word_1_25' title='bbox 1033 930 1088 1010; x_wconf 93' lang='lat' dir='ltr'>qui</span> <span class='ocrx_word' id='word_1_26' title='bbox 1119 929 1226 1011; x_wconf 90' lang='lat' dir='ltr'>ipsum</span> <span class='ocrx_word' id='word_1_27' title='bbox 1251 930 1477 993; x_wconf 86' lang='lat' dir='ltr'>Ptolemaeum</span> 
     </span>
     <span class='ocr_line' id='line_1_5' title="bbox 175 1038 1475 1122; baseline 0.001 -21"><span class='ocrx_word' id='word_1_28' title='bbox 175 1039 420 1122; x_wconf 88' lang='lat' dir='ltr'>Philadelphum</span> <span class='ocrx_word' id='word_1_29' title='bbox 443 1038 540 1101; x_wconf 92' lang='lat' dir='ltr'>literis</span> <span class='ocrx_word' id='word_1_30' title='bbox 557 1039 716 1112; x_wconf 79' lang='lat' dir='ltr'>instruxit,</span> <span class='ocrx_word' id='word_1_31' title='bbox 741 1047 774 1100; x_wconf 90' lang='lat' dir='ltr'>et</span> <span class='ocrx_word' id='word_1_32' title='bbox 789 1038 1013 1120; x_wconf 82' lang='lat' dir='ltr'><strong>Asclepiades,</strong></span> <span class='ocrx_word' id='word_1_33' title='bbox 1037 1049 1136 1120; x_wconf 91' lang='lat' dir='ltr'>poeta</span> <span class='ocrx_word' id='word_1_34' title='bbox 1152 1048 1222 1101; x_wconf 91' lang='lat' dir='ltr'>tum</span> <span class='ocrx_word' id='word_1_35' title='bbox 1238 1039 1475 1114; x_wconf 89' lang='lat' dir='ltr'>celeberrimus,</span> 
     </span>
     <span class='ocr_line' id='line_1_6' title="bbox 176 1147 1476 1231; baseline -0.001 -19"><span class='ocrx_word' id='word_1_36' title='bbox 176 1149 343 1212; x_wconf 86' lang='lat' dir='ltr'>Theocriti</span> <span class='ocrx_word' id='word_1_37' title='bbox 366 1150 571 1212; x_wconf 87' lang='lat' dir='ltr'>nominantur</span> <span class='ocrx_word' id='word_1_38' title='bbox 592 1158 836 1230; x_wconf 85' lang='lat' dir='ltr'>praeceptores:</span> <span class='ocrx_word' id='word_1_39' title='bbox 868 1151 978 1230; x_wconf 90' lang='lat' dir='ltr'>itaque</span> <span class='ocrx_word' id='word_1_40' title='bbox 1010 1159 1123 1224; x_wconf 90' lang='lat' dir='ltr'>mater,</span> <span class='ocrx_word' id='word_1_41' title='bbox 1149 1170 1224 1211; x_wconf 91' lang='lat' dir='ltr'>cum</span> <span class='ocrx_word' id='word_1_42' title='bbox 1246 1147 1311 1212; x_wconf 87' lang='lat' dir='ltr'>filio</span> <span class='ocrx_word' id='word_1_43' title='bbox 1334 1150 1476 1231; x_wconf 88' lang='lat' dir='ltr'>optimos</span> 
     </span>
     <span class='ocr_line' id='line_1_7' title="bbox 177 1259 1477 1342; baseline -0.001 -20"><span class='ocrx_word' id='word_1_44' title='bbox 177 1261 244 1322; x_wconf 92' lang='lat' dir='ltr'>eius</span> <span class='ocrx_word' id='word_1_45' title='bbox 269 1259 384 1322; x_wconf 90' lang='lat' dir='ltr'>aetatis</span> <span class='ocrx_word' id='word_1_46' title='bbox 407 1259 578 1341; x_wconf 85' lang='lat' dir='ltr'>praeberet</span> <span class='ocrx_word' id='word_1_47' title='bbox 599 1259 792 1321; x_wconf 86' lang='lat' dir='ltr'>educatores</span> <span class='ocrx_word' id='word_1_48' title='bbox 823 1261 930 1342; x_wconf 90' lang='lat' dir='ltr'>(pater</span> <span class='ocrx_word' id='word_1_49' title='bbox 952 1268 1021 1321; x_wconf 91' lang='lat' dir='ltr'>erat</span> <span class='ocrx_word' id='word_1_50' title='bbox 1044 1260 1215 1341; x_wconf 90' lang='lat' dir='ltr'>mortuus),</span> <span class='ocrx_word' id='word_1_51' title='bbox 1240 1269 1328 1321; x_wconf 90' lang='lat' dir='ltr'>certe</span> <span class='ocrx_word' id='word_1_52' title='bbox 1351 1260 1477 1322; x_wconf 92' lang='lat' dir='ltr'>nobilis·</span> 
     </span>
     <span class='ocr_line' id='line_1_8' title="bbox 177 1368 1477 1450; baseline 0 -19"><span class='ocrx_word' id='word_1_53' title='bbox 177 1370 260 1432; x_wconf 90' lang='lat' dir='ltr'>simo</span> <span class='ocrx_word' id='word_1_54' title='bbox 284 1369 356 1431; x_wconf 90' lang='lat' dir='ltr'>loco</span> <span class='ocrx_word' id='word_1_55' title='bbox 381 1379 457 1431; x_wconf 87' lang='lat' dir='ltr'>nata</span> <span class='ocrx_word' id='word_1_56' title='bbox 489 1379 565 1437; x_wconf 88' lang='lat' dir='ltr'>erat.</span> <span class='ocrx_word' id='word_1_57' title='bbox 612 1370 781 1430; x_wconf 91' lang='lat' dir='ltr'>Praeterea</span> <span class='ocrx_word' id='word_1_58' title='bbox 803 1369 844 1432; x_wconf 90' lang='lat' dir='ltr'>id.</span> <span class='ocrx_word' id='word_1_59' title='bbox 868 1369 948 1442; x_wconf 91' lang='lat' dir='ltr'>Vll,</span> <span class='ocrx_word' id='word_1_60' title='bbox 974 1369 1063 1450; x_wconf 91' lang='lat' dir='ltr'>quod</span> <span class='ocrx_word' id='word_1_61' title='bbox 1096 1368 1261 1430; x_wconf 92' lang='lat' dir='ltr'>Theocriti</span> <span class='ocrx_word' id='word_1_62' title='bbox 1291 1369 1477 1431; x_wconf 92' lang='lat' dir='ltr'>adolescen-</span> 
     </span>
     <span class='ocr_line' id='line_1_9' title="bbox 175 1478 1477 1562; baseline -0.002 -20"><span class='ocrx_word' id='word_1_63' title='bbox 175 1479 239 1542; x_wconf 90' lang='lat' dir='ltr'>tiae</span> <span class='ocrx_word' id='word_1_64' title='bbox 262 1478 451 1562; x_wconf 89' lang='lat' dir='ltr'>particulam</span> <span class='ocrx_word' id='word_1_65' title='bbox 476 1480 643 1552; x_wconf 80' lang='lat' dir='ltr'>describit,</span> <span class='ocrx_word' id='word_1_66' title='bbox 668 1479 790 1540; x_wconf 91' lang='lat' dir='ltr'>inducit</span> <span class='ocrx_word' id='word_1_67' title='bbox 821 1488 954 1560; x_wconf 89' lang='lat' dir='ltr'>poetam</span> <span class='ocrx_word' id='word_1_68' title='bbox 985 1499 1058 1540; x_wconf 89' lang='lat' dir='ltr'>curn</span> <span class='ocrx_word' id='word_1_69' title='bbox 1082 1478 1293 1541; x_wconf 89' lang='lat' dir='ltr'>Phrasidamo</span> <span class='ocrx_word' id='word_1_70' title='bbox 1324 1488 1357 1542; x_wconf 87' lang='lat' dir='ltr'>et</span> <span class='ocrx_word' id='word_1_71' title='bbox 1386 1480 1477 1541; x_wconf 93' lang='lat' dir='ltr'>Anti·</span> 
     </span>
     <span class='ocr_line' id='line_1_10' title="bbox 177 1588 1478 1671; baseline -0.001 -20"><span class='ocrx_word' id='word_1_72' title='bbox 177 1609 270 1670; x_wconf 87' lang='lat' dir='ltr'>gene,</span> <span class='ocrx_word' id='word_1_73' title='bbox 296 1591 349 1671; x_wconf 92' lang='lat' dir='ltr'>qui</span> <span class='ocrx_word' id='word_1_74' title='bbox 372 1609 413 1652; x_wconf 88' lang='lat' dir='ltr'>ex</span> <span class='ocrx_word' id='word_1_75' title='bbox 436 1590 536 1671; x_wconf 91' lang='lat' dir='ltr'>stirpe</span> <span class='ocrx_word' id='word_1_76' title='bbox 559 1589 659 1670; x_wconf 85' lang='lat' dir='ltr'>regali</span> <span class='ocrx_word' id='word_1_77' title='bbox 683 1589 748 1650; x_wconf 89' lang='lat' dir='ltr'>nati</span> <span class='ocrx_word' id='word_1_78' title='bbox 773 1597 872 1670; x_wconf 70' lang='lat' dir='ltr'>erant,</span> <span class='ocrx_word' id='word_1_79' title='bbox 896 1609 1055 1670; x_wconf 91' lang='lat' dir='ltr'>proavum</span> <span class='ocrx_word' id='word_1_80' title='bbox 1078 1588 1164 1652; x_wconf 91' lang='lat' dir='ltr'>enim</span> <span class='ocrx_word' id='word_1_81' title='bbox 1187 1588 1373 1652; x_wconf 91' lang='lat' dir='ltr'>habuerunt</span> <span class='ocrx_word' id='word_1_82' title='bbox 1389 1588 1478 1650; x_wconf 87' lang='lat' dir='ltr'>Chal·</span> 
     </span>
     <span class='ocr_line' id='line_1_11' title="bbox 176 1696 1478 1782; baseline -0.002 -20"><span class='ocrx_word' id='word_1_83' title='bbox 176 1719 303 1773; x_wconf 86' lang='lat' dir='ltr'>conem,</span> <span class='ocrx_word' id='word_1_84' title='bbox 318 1719 429 1780; x_wconf 87' lang='lat' dir='ltr'>regem</span> <span class='ocrx_word' id='word_1_85' title='bbox 442 1697 614 1768; x_wconf 82' lang='lat' dir='ltr'>Coensem,</span> <span class='ocrx_word' id='word_1_86' title='bbox 629 1699 785 1780; x_wconf 88' lang='lat' dir='ltr'>Eurypyli</span> <span class='ocrx_word' id='word_1_87' title='bbox 802 1707 834 1760; x_wconf 91' lang='lat' dir='ltr'>et</span> <span class='ocrx_word' id='word_1_88' title='bbox 845 1697 969 1779; x_wconf 87' lang='lat' dir='ltr'>Clytiae</span> <span class='ocrx_word' id='word_1_89' title='bbox 981 1697 1090 1772; x_wconf 88' lang='lat' dir='ltr'>filium,</span> <span class='ocrx_word' id='word_1_90' title='bbox 1103 1696 1127 1782; x_wconf 89' lang='lat'>¹)</span> <span class='ocrx_word' id='word_1_91' title='bbox 1144 1698 1305 1760; x_wconf 88' lang='lat' dir='ltr'>artissimo</span> <span class='ocrx_word' id='word_1_92' title='bbox 1316 1699 1478 1760; x_wconf 86' lang='lat' dir='ltr'>amicitiae</span> 
     </span>
     <span class='ocr_line' id='line_1_12' title="bbox 176 1808 1476 1891; baseline -0.002 -20"><span class='ocrx_word' id='word_1_93' title='bbox 176 1809 303 1872; x_wconf 91' lang='lat' dir='ltr'>vinculo</span> <span class='ocrx_word' id='word_1_94' title='bbox 328 1810 554 1886; x_wconf 62' lang='lat' dir='ltr'>coniunctum</span> <span class='ocrx_word' id='word_1_95' title='bbox 579 1810 611 1871; x_wconf 94' lang='lat' dir='ltr'>hi</span> <span class='ocrx_word' id='word_1_96' title='bbox 636 1808 748 1872; x_wconf 80' lang='lat' dir='ltr'>iratres</span> <span class='ocrx_word' id='word_1_97' title='bbox 785 1808 845 1890; x_wconf 92' lang='lat' dir='ltr'>ipsi</span> <span class='ocrx_word' id='word_1_98' title='bbox 879 1829 1010 1889; x_wconf 93' lang='lat' dir='ltr'>quoque</span> <span class='ocrx_word' id='word_1_99' title='bbox 1033 1808 1246 1891; x_wconf 89' lang='lat' dir='ltr'>Asclepiadis,</span> <span class='ocrx_word' id='word_1_100' title='bbox 1271 1810 1394 1890; x_wconf 91' lang='lat' dir='ltr'>quippe</span> <span class='ocrx_word' id='word_1_101' title='bbox 1423 1809 1476 1891; x_wconf 92' lang='lat' dir='ltr'>qui</span> 
     </span>
     <span class='ocr_line' id='line_1_13' title="bbox 177 1918 1477 2001; baseline -0.001 -19"><span class='ocrx_word' id='word_1_102' title='bbox 177 1919 371 1982; x_wconf 88' lang='lat' dir='ltr'>Thessalum</span> <span class='ocrx_word' id='word_1_103' title='bbox 394 1918 599 2001; x_wconf 88' lang='lat' dir='ltr'>Chalciopae‚</span> <span class='ocrx_word' id='word_1_104' title='bbox 624 1919 795 1982; x_wconf 91' lang='lat' dir='ltr'>Chalconis</span> <span class='ocrx_word' id='word_1_105' title='bbox 819 1919 947 1992; x_wconf 83' lang='lat' dir='ltr'>sororis¹</span> <span class='ocrx_word' id='word_1_106' title='bbox 974 1927 1006 1980; x_wconf 92' lang='lat' dir='ltr'>et</span> <span class='ocrx_word' id='word_1_107' title='bbox 1029 1919 1178 1982; x_wconf 90' lang='lat' dir='ltr'>Herculis</span> <span class='ocrx_word' id='word_1_108' title='bbox 1201 1918 1300 1980; x_wconf 87' lang='lat' dir='ltr'>filium</span> <span class='ocrx_word' id='word_1_109' title='bbox 1318 1939 1477 2001; x_wconf 91' lang='lat' dir='ltr'>proavum</span> 
     </span>
     <span class='ocr_line' id='line_1_14' title="bbox 176 2027 1477 2113; baseline 0.002 -22"><span class='ocrx_word' id='word_1_110' title='bbox 176 2027 373 2113; x_wconf 83' lang='lat' dir='ltr'>haberent’)‚</span> <span class='ocrx_word' id='word_1_111' title='bbox 409 2030 539 2110; x_wconf 86' lang='lat' dir='ltr'>cognati</span> <span class='ocrx_word' id='word_1_112' title='bbox 573 2039 676 2104; x_wconf 82' lang='lat' dir='ltr'>erant;</span> <span class='ocrx_word' id='word_1_113' title='bbox 702 2049 744 2092; x_wconf 90' lang='lat' dir='ltr'>ex</span> <span class='ocrx_word' id='word_1_114' title='bbox 776 2030 891 2091; x_wconf 91' lang='lat' dir='ltr'>eadem</span> <span class='ocrx_word' id='word_1_115' title='bbox 914 2027 1011 2109; x_wconf 83' lang='lat' dir='ltr'>igitur</span> <span class='ocrx_word' id='word_1_116' title='bbox 1034 2038 1131 2110; x_wconf 87' lang='lat' dir='ltr'>gente</span> <span class='ocrx_word' id='word_1_117' title='bbox 1162 2038 1260 2111; x_wconf 89' lang='lat' dir='ltr'>atque</span> <span class='ocrx_word' id='word_1_118' title='bbox 1283 2029 1477 2092; x_wconf 86' lang='lat' dir='ltr'>Theocritus</span> 
     </span>
     <span class='ocr_line' id='line_1_15' title="bbox 176 2139 1477 2228; baseline 0 -26"><span class='ocrx_word' id='word_1_119' title='bbox 176 2140 238 2202; x_wconf 90' lang='lat' dir='ltr'>orti</span> <span class='ocrx_word' id='word_1_120' title='bbox 262 2148 362 2206; x_wconf 89' lang='lat' dir='ltr'>erant:</span> <span class='ocrx_word' id='word_1_121' title='bbox 388 2159 427 2202; x_wconf 90' lang='lat' dir='ltr'>ea</span> <span class='ocrx_word' id='word_1_122' title='bbox 451 2140 561 2202; x_wconf 92' lang='lat' dir='ltr'>omnia</span> <span class='ocrx_word' id='word_1_123' title='bbox 590 2140 810 2202; x_wconf 86' lang='lat' dir='ltr'>coniecturam</span> <span class='ocrx_word' id='word_1_124' title='bbox 834 2139 952 2213; x_wconf 85' lang='lat' dir='ltr'>meam,</span> <span class='ocrx_word' id='word_1_125' title='bbox 977 2139 1137 2228; x_wconf 87' lang='lat' dir='ltr'>Philinam</span> <span class='ocrx_word' id='word_1_126' title='bbox 1163 2150 1298 2203; x_wconf 91' lang='lat' dir='ltr'>matrem</span> <span class='ocrx_word' id='word_1_127' title='bbox 1324 2161 1366 2202; x_wconf 90' lang='lat' dir='ltr'>ex</span> <span class='ocrx_word' id='word_1_128' title='bbox 1389 2140 1477 2202; x_wconf 92' lang='lat' dir='ltr'>nobi-</span> 
     </span>
     <span class='ocr_line' id='line_1_16' title="bbox 176 2248 1474 2332; baseline 0.001 -22"><span class='ocrx_word' id='word_1_129' title='bbox 176 2248 296 2311; x_wconf 89' lang='lat' dir='ltr'>lissima</span> <span class='ocrx_word' id='word_1_130' title='bbox 310 2248 362 2311; x_wconf 89' lang='lat' dir='ltr'>illa</span> <span class='ocrx_word' id='word_1_131' title='bbox 378 2258 476 2330; x_wconf 84' lang='lat' dir='ltr'>gente</span> <span class='ocrx_word' id='word_1_132' title='bbox 494 2258 603 2312; x_wconf 91' lang='lat' dir='ltr'>natam</span> <span class='ocrx_word' id='word_1_133' title='bbox 621 2271 701 2324; x_wconf 90' lang='lat' dir='ltr'>esse,</span> <span class='ocrx_word' id='word_1_134' title='bbox 727 2248 889 2312; x_wconf 89' lang='lat' dir='ltr'>adiuvant.</span> <span class='ocrx_word' id='word_1_135' title='bbox 940 2250 1079 2312; x_wconf 87' lang='lat' dir='ltr'>Accedit</span> <span class='ocrx_word' id='word_1_136' title='bbox 1095 2252 1185 2332; x_wconf 91' lang='lat' dir='ltr'>quod</span> <span class='ocrx_word' id='word_1_137' title='bbox 1201 2250 1308 2313; x_wconf 89' lang='lat' dir='ltr'>Nicias</span> <span class='ocrx_word' id='word_1_138' title='bbox 1324 2250 1474 2324; x_wconf 90' lang='lat' dir='ltr'>Milesius,</span> 
     </span>
     <span class='ocr_line' id='line_1_17' title="bbox 176 2357 1475 2444; baseline 0 -23"><span class='ocrx_word' id='word_1_139' title='bbox 176 2358 361 2422; x_wconf 88' lang='lat' dir='ltr'>Erasistrati</span> <span class='ocrx_word' id='word_1_140' title='bbox 392 2359 510 2422; x_wconf 89' lang='lat' dir='ltr'>medici</span> <span class='ocrx_word' id='word_1_141' title='bbox 532 2357 702 2443; x_wconf 77' lang='lat' dir='ltr'>amicus³),</span> <span class='ocrx_word' id='word_1_142' title='bbox 735 2370 768 2424; x_wconf 94' lang='lat' dir='ltr'>et</span> <span class='ocrx_word' id='word_1_143' title='bbox 790 2362 923 2440; x_wconf 83' lang='lat' dir='ltr'>Aratus,</span> <span class='ocrx_word' id='word_1_144' title='bbox 954 2382 1051 2443; x_wconf 90' lang='lat' dir='ltr'>quem</span> <span class='ocrx_word' id='word_1_145' title='bbox 1080 2370 1216 2444; x_wconf 91' lang='lat' dir='ltr'>propter</span> <span class='ocrx_word' id='word_1_146' title='bbox 1248 2360 1475 2422; x_wconf 91' lang='lat' dir='ltr'>nonnullorum</span> 
     </span>
     <span class='ocr_line' id='line_1_18' title="bbox 175 2468 1474 2551; baseline 0 -19"><span class='ocrx_word' id='word_1_147' title='bbox 175 2473 314 2551; x_wconf 88' lang='lat' dir='ltr'>operum</span> <span class='ocrx_word' id='word_1_148' title='bbox 340 2468 482 2531; x_wconf 90' lang='lat' dir='ltr'>indolem</span> <span class='ocrx_word' id='word_1_149' title='bbox 507 2469 564 2531; x_wconf 92' lang='lat' dir='ltr'>viri</span> <span class='ocrx_word' id='word_1_150' title='bbox 587 2471 675 2533; x_wconf 89' lang='lat' dir='ltr'>docti</span> <span class='ocrx_word' id='word_1_151' title='bbox 699 2482 786 2534; x_wconf 89' lang='lat' dir='ltr'>recte</span> <span class='ocrx_word' id='word_1_152' title='bbox 816 2473 950 2536; x_wconf 91' lang='lat' dir='ltr'>medicis</span> <span class='ocrx_word' id='word_1_153' title='bbox 975 2474 1204 2545; x_wconf 88' lang='lat' dir='ltr'>adnumerant,</span> <span class='ocrx_word' id='word_1_154' title='bbox 1239 2471 1393 2533; x_wconf 91' lang='lat' dir='ltr'>ininsula</span> <span class='ocrx_word' id='word_1_155' title='bbox 1416 2470 1474 2543; x_wconf 91' lang='lat' dir='ltr'>Co,</span> 
     </span>
     <span class='ocr_line' id='line_1_19' title="bbox 173 2578 1477 2662; baseline 0.002 -22"><span class='ocrx_word' id='word_1_156' title='bbox 173 2588 212 2641; x_wconf 82' lang='lat' dir='ltr'>ut</span> <span class='ocrx_word' id='word_1_157' title='bbox 229 2578 311 2641; x_wconf 86' lang='lat' dir='ltr'>infra</span> <span class='ocrx_word' id='word_1_158' title='bbox 327 2579 518 2653; x_wconf 91' lang='lat' dir='ltr'>videbimus,</span> <span class='ocrx_word' id='word_1_159' title='bbox 536 2579 716 2643; x_wconf 87' lang='lat' dir='ltr'>Theocrito</span> <span class='ocrx_word' id='word_1_160' title='bbox 732 2583 917 2645; x_wconf 91' lang='lat' dir='ltr'>amicissimi</span> <span class='ocrx_word' id='word_1_161' title='bbox 934 2591 1033 2645; x_wconf 89' lang='lat' dir='ltr'>erant.</span> <span class='ocrx_word' id='word_1_162' title='bbox 1074 2581 1154 2644; x_wconf 90' lang='lat' dir='ltr'>Eius</span> <span class='ocrx_word' id='word_1_163' title='bbox 1170 2582 1301 2662; x_wconf 90' lang='lat' dir='ltr'>quidem</span> <span class='ocrx_word' id='word_1_164' title='bbox 1317 2581 1477 2643; x_wconf 86' lang='lat' dir='ltr'>amicitiae</span> 
     </span>
     <span class='ocr_line' id='line_1_20' title="bbox 178 2688 1476 2773; baseline 0.001 -22"><span class='ocrx_word' id='word_1_165' title='bbox 178 2689 274 2770; x_wconf 86' lang='lat' dir='ltr'>origo</span> <span class='ocrx_word' id='word_1_166' title='bbox 290 2688 374 2751; x_wconf 88' lang='lat' dir='ltr'>haec</span> <span class='ocrx_word' id='word_1_167' title='bbox 388 2690 459 2751; x_wconf 92' lang='lat' dir='ltr'>sine</span> <span class='ocrx_word' id='word_1_168' title='bbox 477 2689 576 2751; x_wconf 89' lang='lat' dir='ltr'>dubio</span> <span class='ocrx_word' id='word_1_169' title='bbox 592 2700 670 2763; x_wconf 89' lang='lat' dir='ltr'>erat,</span> <span class='ocrx_word' id='word_1_170' title='bbox 695 2694 785 2772; x_wconf 94' lang='lat' dir='ltr'>quod</span> <span class='ocrx_word' id='word_1_171' title='bbox 800 2693 899 2756; x_wconf 89' lang='lat' dir='ltr'>ambo</span> <span class='ocrx_word' id='word_1_172' title='bbox 916 2692 964 2756; x_wconf 88' lang='lat' dir='ltr'>Co</span> <span class='ocrx_word' id='word_1_173' title='bbox 979 2693 1056 2755; x_wconf 91' lang='lat' dir='ltr'>artis</span> <span class='ocrx_word' id='word_1_174' title='bbox 1073 2691 1219 2754; x_wconf 88' lang='lat' dir='ltr'>medicae</span> <span class='ocrx_word' id='word_1_175' title='bbox 1237 2690 1371 2754; x_wconf 91' lang='lat' dir='ltr'>studiosi</span> <span class='ocrx_word' id='word_1_176' title='bbox 1388 2691 1476 2773; x_wconf 91' lang='lat' dir='ltr'>ipsos</span> 
     </span>
     <span class='ocr_line' id='line_1_21' title="bbox 175 2798 1472 2883; baseline 0.002 -22"><span class='ocrx_word' id='word_1_177' title='bbox 175 2798 341 2862; x_wconf 81' lang='lat' dir='ltr'>Theocriti</span> <span class='ocrx_word' id='word_1_178' title='bbox 366 2799 636 2878; x_wconf 84' lang='lat' dir='ltr'>consanguineos,</span> <span class='ocrx_word' id='word_1_179' title='bbox 661 2802 782 2883; x_wconf 91' lang='lat' dir='ltr'>quippe</span> <span class='ocrx_word' id='word_1_180' title='bbox 806 2803 861 2883; x_wconf 92' lang='lat' dir='ltr'>qui</span> <span class='ocrx_word' id='word_1_181' title='bbox 885 2811 953 2865; x_wconf 90' lang='lat' dir='ltr'>arte</span> <span class='ocrx_word' id='word_1_182' title='bbox 978 2803 1104 2865; x_wconf 90' lang='lat' dir='ltr'>medica</span> <span class='ocrx_word' id='word_1_183' title='bbox 1127 2802 1269 2864; x_wconf 88' lang='lat' dir='ltr'>maxime</span> <span class='ocrx_word' id='word_1_184' title='bbox 1289 2810 1359 2863; x_wconf 93' lang='lat' dir='ltr'>tum</span> <span class='ocrx_word' id='word_1_185' title='bbox 1382 2801 1472 2864; x_wconf 89' lang='lat' dir='ltr'>flore·</span> 
     </span>
     <span class='ocr_line' id='line_1_22' title="bbox 175 2909 662 2982; baseline 0.004 -12"><span class='ocrx_word' id='word_1_186' title='bbox 175 2917 255 2982; x_wconf 88' lang='lat' dir='ltr'>rent,</span> <span class='ocrx_word' id='word_1_187' title='bbox 281 2909 437 2972; x_wconf 89' lang='lat' dir='ltr'>docentes</span> <span class='ocrx_word' id='word_1_188' title='bbox 460 2910 662 2973; x_wconf 87' lang='lat' dir='ltr'>audiverunt.</span> 
     </span>
    </p>
   </div>
   <div class='ocr_carea' id='block_1_3' title="bbox 173 3069 1475 3922">
    <p class='ocr_par' dir='ltr' id='par_1_3' title="bbox 173 3069 1475 3922">
     <span class='ocr_line' id='line_1_23' title="bbox 282 3069 1474 3154; baseline 0.003 -23"><span class='ocrx_word' id='word_1_189' title='bbox 282 3071 393 3150; x_wconf 93' lang='lat' dir='ltr'>Atque</span> <span class='ocrx_word' id='word_1_190' title='bbox 417 3069 617 3151; x_wconf 86' lang='lat' dir='ltr'>Praxagoras</span> <span class='ocrx_word' id='word_1_191' title='bbox 640 3071 771 3153; x_wconf 90' lang='lat' dir='ltr'>quidem</span> <span class='ocrx_word' id='word_1_192' title='bbox 795 3072 962 3136; x_wconf 91' lang='lat' dir='ltr'>Theocriti</span> <span class='ocrx_word' id='word_1_193' title='bbox 984 3081 1077 3154; x_wconf 93' lang='lat' dir='ltr'>pater</span> <span class='ocrx_word' id='word_1_194' title='bbox 1101 3072 1270 3154; x_wconf 89' lang='lat' dir='ltr'>Syracusis</span> <span class='ocrx_word' id='word_1_195' title='bbox 1288 3071 1474 3147; x_wconf 85' lang='lat' dir='ltr'>habitabat;</span> 
     </span>
     <span class='ocr_line' id='line_1_24' title="bbox 175 3179 1474 3266; baseline 0.005 -26"><span class='ocrx_word' id='word_1_196' title='bbox 175 3179 201 3240; x_wconf 90' lang='lat' dir='ltr'>si</span> <span class='ocrx_word' id='word_1_197' title='bbox 226 3187 294 3242; x_wconf 91' lang='lat' dir='ltr'>erat</span> <span class='ocrx_word' id='word_1_198' title='bbox 318 3179 463 3242; x_wconf 91' lang='lat' dir='ltr'>medicus</span> <span class='ocrx_word' id='word_1_199' title='bbox 488 3179 716 3243; x_wconf 88' lang='lat' dir='ltr'>celeberrimus</span> <span class='ocrx_word' id='word_1_200' title='bbox 740 3181 790 3244; x_wconf 88' lang='lat' dir='ltr'>ille</span> <span class='ocrx_word' id='word_1_201' title='bbox 806 3181 950 3257; x_wconf 87' lang='lat' dir='ltr'>Coensis,</span> <span class='ocrx_word' id='word_1_202' title='bbox 978 3182 1189 3266; x_wconf 84' lang='lat' dir='ltr'>permigravit</span> <span class='ocrx_word' id='word_1_203' title='bbox 1210 3182 1242 3244; x_wconf 91' lang='lat' dir='ltr'>in</span> <span class='ocrx_word' id='word_1_204' title='bbox 1258 3182 1399 3246; x_wconf 88' lang='lat' dir='ltr'>Siciliam</span> <span class='ocrx_word' id='word_1_205' title='bbox 1417 3183 1474 3263; x_wconf 86' lang='lat' dir='ltr'>Sy-</span> 
     </span>
     <span class='ocr_line' id='line_1_25' title="bbox 175 3283 1475 3356; baseline 0.003 -6"><span class='ocrx_word' id='word_1_206' title='bbox 175 3288 296 3350; x_wconf 88' lang='lat' dir='ltr'>racusis</span> <span class='ocrx_word' id='word_1_207' title='bbox 320 3288 538 3355; x_wconf 90' lang='lat' dir='ltr'>habitaturus:</span> <span class='ocrx_word' id='word_1_208' title='bbox 569 3289 601 3351; x_wconf 91' lang='lat' dir='ltr'>in</span> <span class='ocrx_word' id='word_1_209' title='bbox 625 3283 868 3355; x_wconf 86' lang='lat' dir='ltr'>matrimonium</span> <span class='ocrx_word' id='word_1_210' title='bbox 898 3293 992 3356; x_wconf 90' lang='lat' dir='ltr'>duxit</span> <span class='ocrx_word' id='word_1_211' title='bbox 1013 3292 1175 3356; x_wconf 89' lang='lat' dir='ltr'>Philinam</span> <span class='ocrx_word' id='word_1_212' title='bbox 1206 3312 1248 3354; x_wconf 90' lang='lat' dir='ltr'>ex</span> <span class='ocrx_word' id='word_1_213' title='bbox 1276 3292 1475 3356; x_wconf 90' lang='lat' dir='ltr'>nobilissima</span> 
     </span>
     <span class='ocr_line' id='line_1_26' title="bbox 174 3398 1475 3494; baseline 0.003 -34"><span class='ocrx_word' id='word_1_214' title='bbox 174 3407 273 3478; x_wconf 82' lang='lat' dir='ltr'>gente</span> <span class='ocrx_word' id='word_1_215' title='bbox 296 3398 415 3461; x_wconf 86' lang='lat' dir='ltr'>Coensi</span> <span class='ocrx_word' id='word_1_216' title='bbox 446 3408 561 3462; x_wconf 89' lang='lat' dir='ltr'>ortam.</span> <span class='ocrx_word' id='word_1_217' title='bbox 609 3401 702 3463; x_wconf 89' lang='lat' dir='ltr'>Brevi</span> <span class='ocrx_word' id='word_1_218' title='bbox 730 3411 838 3465; x_wconf 89' lang='lat' dir='ltr'>autem</span> <span class='ocrx_word' id='word_1_219' title='bbox 872 3412 1046 3494; x_wconf 75' lang='lat' dir='ltr'>postquam</span> <span class='ocrx_word' id='word_1_220' title='bbox 1081 3411 1175 3464; x_wconf 88' lang='lat' dir='ltr'>natus</span> <span class='ocrx_word' id='word_1_221' title='bbox 1209 3411 1260 3464; x_wconf 89' lang='lat' dir='ltr'>est</span> <span class='ocrx_word' id='word_1_222' title='bbox 1280 3402 1475 3465; x_wconf 87' lang='lat' dir='ltr'>Theocritus</span> 
     </span>
     <span class='ocr_line' id='line_1_27' title="bbox 176 3507 1475 3594; baseline 0.002 -24"><span class='ocrx_word' id='word_1_223' title='bbox 176 3507 344 3588; x_wconf 89' lang='lat' dir='ltr'>Syracusis</span> <span class='ocrx_word' id='word_1_224' title='bbox 368 3510 568 3590; x_wconf 85' lang='lat' dir='ltr'>Praxagoras</span> <span class='ocrx_word' id='word_1_225' title='bbox 591 3520 684 3592; x_wconf 91' lang='lat' dir='ltr'>pater</span> <span class='ocrx_word' id='word_1_226' title='bbox 708 3521 855 3574; x_wconf 86' lang='lat' dir='ltr'>mortuus</span> <span class='ocrx_word' id='word_1_227' title='bbox 878 3522 927 3575; x_wconf 89' lang='lat' dir='ltr'>est</span> <span class='ocrx_word' id='word_1_228' title='bbox 951 3522 1119 3594; x_wconf 87' lang='lat' dir='ltr'>materque</span> <span class='ocrx_word' id='word_1_229' title='bbox 1140 3532 1262 3574; x_wconf 92' lang='lat' dir='ltr'>novum</span> <span class='ocrx_word' id='word_1_230' title='bbox 1287 3532 1360 3574; x_wconf 90' lang='lat' dir='ltr'>cum</span> <span class='ocrx_word' id='word_1_231' title='bbox 1383 3511 1475 3576; x_wconf 86' lang='lat' dir='ltr'>Simi-</span> 
     </span>
     <span class='ocr_line' id='line_1_28' title="bbox 175 3617 1474 3704; baseline 0.002 -24"><span class='ocrx_word' id='word_1_232' title='bbox 175 3619 238 3680; x_wconf 94' lang='lat' dir='ltr'>cho</span> <span class='ocrx_word' id='word_1_233' title='bbox 262 3619 407 3700; x_wconf 88' lang='lat' dir='ltr'>quodam</span> <span class='ocrx_word' id='word_1_234' title='bbox 430 3620 673 3682; x_wconf 89' lang='lat' dir='ltr'>matrimonium</span> <span class='ocrx_word' id='word_1_235' title='bbox 697 3617 766 3683; x_wconf 87' lang='lat' dir='ltr'>iniit</span> <span class='ocrx_word' id='word_1_236' title='bbox 789 3631 872 3684; x_wconf 89' lang='lat' dir='ltr'>teste</span> <span class='ocrx_word' id='word_1_237' title='bbox 894 3623 1005 3695; x_wconf 89' lang='lat' dir='ltr'>schol,</span> <span class='ocrx_word' id='word_1_238' title='bbox 1029 3622 1118 3684; x_wconf 90' lang='lat' dir='ltr'>cuius</span> <span class='ocrx_word' id='word_1_239' title='bbox 1140 3622 1240 3684; x_wconf 89' lang='lat' dir='ltr'>verba</span> <span class='ocrx_word' id='word_1_240' title='bbox 1269 3621 1345 3685; x_wconf 93' lang='lat' dir='ltr'>huic</span> <span class='ocrx_word' id='word_1_241' title='bbox 1376 3622 1474 3704; x_wconf 90' lang='lat' dir='ltr'>capiti</span> 
     </span>
     <span class='ocr_line' id='line_1_29' title="bbox 175 3719 1474 3813; baseline 0.002 -23"><span class='ocrx_word' id='word_1_242' title='bbox 175 3719 336 3811; x_wconf 84' lang='lat' dir='ltr'>praemisi.</span> <span class='ocrx_word' id='word_1_243' title='bbox 383 3727 429 3791; x_wconf 85' lang='lat' dir='ltr'>Cs.</span> <span class='ocrx_word' id='word_1_244' title='bbox 456 3729 587 3796; x_wconf 87' lang='lat' dir='ltr'>Hauler.</span> <span class='ocrx_word' id='word_1_245' title='bbox 609 3730 627 3792; x_wconf 93' lang='lat' dir='ltr'>l.</span> <span class='ocrx_word' id='word_1_246' title='bbox 653 3731 671 3793; x_wconf 93' lang='lat' dir='ltr'>l.</span> <span class='ocrx_word' id='word_1_247' title='bbox 696 3751 727 3810; x_wconf 92' lang='lat' dir='ltr'>p.</span> <span class='ocrx_word' id='word_1_248' title='bbox 746 3732 776 3792; x_wconf 89' lang='lat'>6.</span> <span class='ocrx_word' id='word_1_249' title='bbox 801 3751 868 3813; x_wconf 92' lang='lat' dir='ltr'>seq.</span> <span class='ocrx_word' id='word_1_250' title='bbox 895 3733 973 3794; x_wconf 91' lang='lat' dir='ltr'>Erat</span> <span class='ocrx_word' id='word_1_251' title='bbox 996 3731 1048 3794; x_wconf 93' lang='lat' dir='ltr'>hic</span> <span class='ocrx_word' id='word_1_252' title='bbox 1064 3731 1227 3794; x_wconf 88' lang='lat' dir='ltr'>Simichus</span> <span class='ocrx_word' id='word_1_253' title='bbox 1250 3730 1331 3794; x_wconf 87' lang='lat' dir='ltr'>filius</span> <span class='ocrx_word' id='word_1_254' title='bbox 1348 3732 1474 3794; x_wconf 90' lang='lat' dir='ltr'>Periclis</span> 
     </span>
     <span class='ocr_line' id='line_1_30' title="bbox 173 3835 1474 3922; baseline 0.002 -21"><span class='ocrx_word' id='word_1_255' title='bbox 173 3835 393 3913; x_wconf 90' lang='lat' dir='ltr'>Orchomenii,</span> <span class='ocrx_word' id='word_1_256' title='bbox 417 3840 472 3920; x_wconf 93' lang='lat' dir='ltr'>qui</span> <span class='ocrx_word' id='word_1_257' title='bbox 496 3840 600 3922; x_wconf 86' lang='lat' dir='ltr'>patria</span> <span class='ocrx_word' id='word_1_258' title='bbox 624 3842 702 3903; x_wconf 91' lang='lat' dir='ltr'>urbe</span> <span class='ocrx_word' id='word_1_259' title='bbox 727 3862 746 3904; x_wconf 93' lang='lat' dir='ltr'>a</span> <span class='ocrx_word' id='word_1_260' title='bbox 769 3840 935 3903; x_wconf 86' lang='lat' dir='ltr'>Thebanis</span> <span class='ocrx_word' id='word_1_261' title='bbox 958 3862 1044 3904; x_wconf 90' lang='lat' dir='ltr'>anno</span> <span class='ocrx_word' id='word_1_262' title='bbox 1067 3842 1141 3920; x_wconf 85' lang='lat'>346.</span> <span class='ocrx_word' id='word_1_263' title='bbox 1166 3862 1194 3908; x_wconf 85' lang='lat' dir='ltr'>a.</span> <span class='ocrx_word' id='word_1_264' title='bbox 1213 3841 1286 3904; x_wconf 84' lang='lat' dir='ltr'>Chr.</span> <span class='ocrx_word' id='word_1_265' title='bbox 1314 3861 1343 3904; x_wconf 91' lang='lat' dir='ltr'>n.</span> <span class='ocrx_word' id='word_1_266' title='bbox 1366 3842 1474 3904; x_wconf 92' lang='lat' dir='ltr'>denuo</span> 
     </span>
    </p>
   </div>
   <div class='ocr_carea' id='block_1_4' title="bbox 285 4137 1474 4215">
    <p class='ocr_par' dir='ltr' id='par_1_4' title="bbox 285 4137 1474 4215">
     <span class='ocr_line' id='line_1_31' title="bbox 285 4137 1474 4215; baseline 0.003 -21"><span class='ocrx_word' id='word_1_267' title='bbox 285 4143 303 4212; x_wconf 89' lang='lat'>¹)</span> <span class='ocrx_word' id='word_1_268' title='bbox 323 4143 407 4194; x_wconf 86' lang='lat' dir='ltr'>Schol.</span> <span class='ocrx_word' id='word_1_269' title='bbox 426 4152 475 4193; x_wconf 88' lang='lat' dir='ltr'>vet.</span> <span class='ocrx_word' id='word_1_270' title='bbox 494 4143 535 4192; x_wconf 87' lang='lat' dir='ltr'>ad.</span> <span class='ocrx_word' id='word_1_271' title='bbox 554 4144 603 4191; x_wconf 87' lang='lat' dir='ltr'>Vll</span> <span class='ocrx_word' id='word_1_272' title='bbox 624 4155 651 4208; x_wconf 82' lang='lat'>5:</span> <span class='ocrx_word' id='word_1_273' title='bbox 671 4137 702 4207; x_wconf 75' lang='grc' dir='ltr'>ἢν</span> <span class='ocrx_word' id='word_1_274' title='bbox 722 4143 753 4194; x_wconf 77' lang='grc' dir='ltr'>δὲ</span> <span class='ocrx_word' id='word_1_275' title='bbox 773 4140 786 4207; x_wconf 73' lang='grc' dir='ltr'><em>ἡ</em></span> <span class='ocrx_word' id='word_1_276' title='bbox 807 4144 914 4195; x_wconf 72' lang='grc' dir='ltr'><strong><em>Κλυτία</em></strong></span> <span class='ocrx_word' id='word_1_277' title='bbox 934 4140 1061 4213; x_wconf 75' lang='grc' dir='ltr'>θυγάτηρ</span> <span class='ocrx_word' id='word_1_278' title='bbox 1082 4149 1227 4212; x_wconf 72' lang='grc' dir='ltr'><em>Μέροπος,</em></span> <span class='ocrx_word' id='word_1_279' title='bbox 1248 4149 1423 4215; x_wconf 66' lang='grc' dir='ltr'><em>γαμηθεῖσα</em></span> <span class='ocrx_word' id='word_1_280' title='bbox 1444 4146 1474 4197; x_wconf 68' lang='grc' dir='ltr'>δὲ</span> 
     </span>
    </p>
   </div>
   <div class='ocr_carea' id='block_1_5' title="bbox 174 4233 1475 4772">
    <p class='ocr_par' dir='ltr' id='par_1_5' title="bbox 174 4233 1475 4582">
     <span class='ocr_line' id='line_1_32' title="bbox 176 4233 1475 4307; baseline 0 -18"><span class='ocrx_word' id='word_1_281' title='bbox 176 4233 331 4306; x_wconf 73' lang='grc' dir='ltr'>Εὐρυπύλῳ</span> <span class='ocrx_word' id='word_1_282' title='bbox 352 4237 504 4306; x_wconf 69' lang='grc' dir='ltr'><em>τῴβασιλεῒ</em></span> <span class='ocrx_word' id='word_1_283' title='bbox 522 4241 578 4286; x_wconf 74' lang='grc' dir='ltr'>τῶν</span> <span class='ocrx_word' id='word_1_284' title='bbox 597 4233 691 4307; x_wconf 70' lang='grc' dir='ltr'><em>Κῴων</em></span> <span class='ocrx_word' id='word_1_285' title='bbox 716 4237 846 4305; x_wconf 69' lang='grc' dir='ltr'>ἐγέννησε</span> <span class='ocrx_word' id='word_1_286' title='bbox 867 4233 914 4288; x_wconf 72' lang='lat' dir='ltr'>triu</span> <span class='ocrx_word' id='word_1_287' title='bbox 936 4233 1078 4289; x_wconf 72' lang='grc' dir='ltr'>Χάλκωνα</span> <span class='ocrx_word' id='word_1_288' title='bbox 1101 4234 1148 4288; x_wconf 80' lang='grc' dir='ltr'>τὸν</span> <span class='ocrx_word' id='word_1_289' title='bbox 1177 4234 1225 4300; x_wconf 67' lang='grc' dir='ltr'>τήν</span> <span class='ocrx_word' id='word_1_290' title='bbox 1251 4239 1399 4302; x_wconf 74' lang='grc' dir='ltr'><strong><em>βασιλείαν</em></strong></span> <span class='ocrx_word' id='word_1_291' title='bbox 1418 4244 1475 4289; x_wconf 74' lang='grc' dir='ltr'>τοῖν</span> 
     </span>
     <span class='ocr_line' id='line_1_33' title="bbox 177 4309 1473 4401; baseline 0 -18"><span class='ocrx_word' id='word_1_292' title='bbox 177 4328 271 4401; x_wconf 71' lang='grc' dir='ltr'><em>Κῴων</em></span> <span class='ocrx_word' id='word_1_293' title='bbox 299 4326 512 4398; x_wconf 67' lang='grc' dir='ltr'>διαδεξάμενον.</span> <span class='ocrx_word' id='word_1_294' title='bbox 551 4329 667 4380; x_wconf 86' lang='lat' dir='ltr'>Ceterum</span> <span class='ocrx_word' id='word_1_295' title='bbox 693 4331 723 4379; x_wconf 87' lang='lat' dir='ltr'>cf.</span> <span class='ocrx_word' id='word_1_296' title='bbox 751 4331 783 4380; x_wconf 92' lang='lat' dir='ltr'>de</span> <span class='ocrx_word' id='word_1_297' title='bbox 808 4331 855 4381; x_wconf 88' lang='lat' dir='ltr'>hac</span> <span class='ocrx_word' id='word_1_298' title='bbox 878 4332 1038 4395; x_wconf 82' lang='lat' dir='ltr'>quaestione:</span> <span class='ocrx_word' id='word_1_299' title='bbox 1066 4333 1095 4380; x_wconf 85' lang='lat' dir='ltr'>B.</span> <span class='ocrx_word' id='word_1_300' title='bbox 1121 4309 1153 4381; x_wconf 89' lang='lat' dir='ltr'>G</span> <span class='ocrx_word' id='word_1_301' title='bbox 1177 4331 1304 4380; x_wconf 89' lang='lat' dir='ltr'>Niebuhr:</span> <span class='ocrx_word' id='word_1_302' title='bbox 1335 4332 1428 4381; x_wconf 89' lang='lat' dir='ltr'>Histor.</span> <span class='ocrx_word' id='word_1_303' title='bbox 1449 4350 1473 4383; x_wconf 90' lang='lat' dir='ltr'>u.</span> 
     </span>
     <span class='ocr_line' id='line_1_34' title="bbox 174 4421 1474 4492; baseline 0 -18"><span class='ocrx_word' id='word_1_304' title='bbox 174 4425 264 4492; x_wconf 91' lang='lat' dir='ltr'>philol.</span> <span class='ocrx_word' id='word_1_305' title='bbox 279 4425 407 4489; x_wconf 78' lang='lat' dir='ltr'>Vortriige.</span> <span class='ocrx_word' id='word_1_306' title='bbox 427 4430 490 4474; x_wconf 85' lang='lat' dir='ltr'>tom.</span> <span class='ocrx_word' id='word_1_307' title='bbox 510 4422 558 4472; x_wconf 92' lang='lat' dir='ltr'>Ill.</span> <span class='ocrx_word' id='word_1_308' title='bbox 574 4422 614 4470; x_wconf 89' lang='lat' dir='ltr'>ed.</span> <span class='ocrx_word' id='word_1_309' title='bbox 634 4421 669 4470; x_wconf 88' lang='lat' dir='ltr'>M.</span> <span class='ocrx_word' id='word_1_310' title='bbox 683 4421 751 4472; x_wconf 90' lang='lat' dir='ltr'>Isler.</span> <span class='ocrx_word' id='word_1_311' title='bbox 772 4421 926 4485; x_wconf 81' lang='lat' dir='ltr'>Berl.1851.</span> <span class='ocrx_word' id='word_1_312' title='bbox 947 4440 972 4488; x_wconf 89' lang='lat' dir='ltr'>p.</span> <span class='ocrx_word' id='word_1_313' title='bbox 987 4433 1046 4487; x_wconf 86' lang='lat'>205.</span> <span class='ocrx_word' id='word_1_314' title='bbox 1066 4425 1178 4474; x_wconf 88' lang='lat' dir='ltr'>Preller.:</span> <span class='ocrx_word' id='word_1_315' title='bbox 1201 4424 1302 4475; x_wconf 89' lang='lat' dir='ltr'>Griech.</span> <span class='ocrx_word' id='word_1_316' title='bbox 1317 4424 1474 4489; x_wconf 79' lang='lat' dir='ltr'>Mythologie</span> 
     </span>
     <span class='ocr_line' id='line_1_35' title="bbox 175 4513 1354 4582; baseline -0.001 -14"><span class='ocrx_word' id='word_1_317' title='bbox 175 4517 216 4568; x_wconf 87' lang='lat' dir='ltr'>ed.</span> <span class='ocrx_word' id='word_1_318' title='bbox 237 4517 284 4566; x_wconf 95' lang='lat' dir='ltr'>lll.</span> <span class='ocrx_word' id='word_1_319' title='bbox 304 4517 335 4568; x_wconf 87' lang='lat' dir='ltr'>E.</span> <span class='ocrx_word' id='word_1_320' title='bbox 354 4517 430 4568; x_wconf 85' lang='lat' dir='ltr'>Plew.</span> <span class='ocrx_word' id='word_1_321' title='bbox 450 4516 516 4569; x_wconf 86' lang='lat' dir='ltr'>Berl.</span> <span class='ocrx_word' id='word_1_322' title='bbox 540 4513 613 4578; x_wconf 80' lang='lat'>1875.</span> <span class='ocrx_word' id='word_1_323' title='bbox 634 4533 659 4580; x_wconf 92' lang='lat' dir='ltr'>p.</span> <span class='ocrx_word' id='word_1_324' title='bbox 680 4525 741 4577; x_wconf 82' lang='lat'>279.</span> <span class='ocrx_word' id='word_1_325' title='bbox 762 4526 815 4576; x_wconf 87' lang='lat'>439</span> <span class='ocrx_word' id='word_1_326' title='bbox 834 4523 885 4563; x_wconf 89' lang='lat' dir='ltr'>not.</span> <span class='ocrx_word' id='word_1_327' title='bbox 910 4527 949 4574; x_wconf 87' lang='lat'>1.;</span> <span class='ocrx_word' id='word_1_328' title='bbox 969 4515 1000 4564; x_wconf 88' lang='lat' dir='ltr'>de</span> <span class='ocrx_word' id='word_1_329' title='bbox 1019 4516 1123 4566; x_wconf 88' lang='lat' dir='ltr'>medicis</span> <span class='ocrx_word' id='word_1_330' title='bbox 1140 4515 1232 4567; x_wconf 87' lang='lat' dir='ltr'>Coens.</span> <span class='ocrx_word' id='word_1_331' title='bbox 1255 4516 1354 4582; x_wconf 84' lang='lat' dir='ltr'>p.428.</span> 
     </span>
    </p>

    <p class='ocr_par' dir='ltr' id='par_1_6' title="bbox 284 4607 805 4680">
     <span class='ocr_line' id='line_1_36' title="bbox 284 4607 805 4680; baseline 0.002 -22"><span class='ocrx_word' id='word_1_332' title='bbox 284 4607 304 4680; x_wconf 81' lang='lat'>²)</span> <span class='ocrx_word' id='word_1_333' title='bbox 325 4609 364 4660; x_wconf 86' lang='lat' dir='ltr'>Cf.</span> <span class='ocrx_word' id='word_1_334' title='bbox 385 4610 513 4676; x_wconf 85' lang='lat' dir='ltr'>Sprengel.</span> <span class='ocrx_word' id='word_1_335' title='bbox 533 4610 552 4659; x_wconf 82' lang='lat'>1.</span> <span class='ocrx_word' id='word_1_336' title='bbox 572 4609 589 4657; x_wconf 92' lang='lat' dir='ltr'>l.</span> <span class='ocrx_word' id='word_1_337' title='bbox 609 4628 635 4675; x_wconf 91' lang='lat' dir='ltr'>p.</span> <span class='ocrx_word' id='word_1_338' title='bbox 657 4619 715 4668; x_wconf 90' lang='lat'>241.</span> <span class='ocrx_word' id='word_1_339' title='bbox 736 4625 805 4674; x_wconf 89' lang='lat' dir='ltr'>seqq.</span> 
     </span>
    </p>

    <p class='ocr_par' dir='ltr' id='par_1_7' title="bbox 283 4699 1059 4772">
     <span class='ocr_line' id='line_1_37' title="bbox 283 4699 1059 4772; baseline -0.001 -21"><span class='ocrx_word' id='word_1_340' title='bbox 283 4701 304 4772; x_wconf 86' lang='lat'>³)</span> <span class='ocrx_word' id='word_1_341' title='bbox 322 4702 361 4754; x_wconf 79' lang='lat' dir='ltr'>Cf.</span> <span class='ocrx_word' id='word_1_342' title='bbox 383 4699 466 4758; x_wconf 71' lang='lat' dir='ltr'>ludo.</span> <span class='ocrx_word' id='word_1_343' title='bbox 486 4702 594 4756; x_wconf 84' lang='lat' dir='ltr'>Theocr.</span> <span class='ocrx_word' id='word_1_344' title='bbox 613 4701 649 4751; x_wconf 91' lang='lat' dir='ltr'>id.</span> <span class='ocrx_word' id='word_1_345' title='bbox 669 4701 707 4750; x_wconf 89' lang='lat' dir='ltr'>XI</span> <span class='ocrx_word' id='word_1_346' title='bbox 728 4701 857 4772; x_wconf 84' lang='lat' dir='ltr'>Sprengel.</span> <span class='ocrx_word' id='word_1_347' title='bbox 876 4702 893 4751; x_wconf 88' lang='lat'>1.</span> <span class='ocrx_word' id='word_1_348' title='bbox 913 4700 931 4749; x_wconf 90' lang='lat' dir='ltr'>l.</span> <span class='ocrx_word' id='word_1_349' title='bbox 952 4718 977 4770; x_wconf 85' lang='lat' dir='ltr'>p.</span> <span class='ocrx_word' id='word_1_350' title='bbox 1000 4711 1059 4764; x_wconf 82' lang='lat'>570,</span> 
     </span>
    </p>
   </div>
   <div class='ocr_carea' id='block_1_6' title="bbox 0 0 1754 5498">
    <p class='ocr_par' dir='ltr' id='par_1_8' title="bbox 0 0 1754 5498">
     <span class='ocr_line' id='line_1_38' title="bbox 0 0 1754 5498; baseline 0 1"><span class='ocrx_word' id='word_1_351' title='bbox 0 0 1754 5498; x_wconf 95' lang='lat' dir='ltr'> </span> 
     </span>
    </p>
   </div>
  </div>
 </body>
</html>
