3500 5498
929 487 969 568 76

301 723 368 778 rex,
393 703 618 766 Macedoniam
642 703 833 775 devastavit,
859 702 948 765 brevi
974 711 1048 784 post
1071 701 1227 784 Aegyptii
1252 701 1340 784 apud
1367 701 1503 764 insulam
1522 701 1592 762 Con

293 815 439 902 'superati
455 824 539 888 sunt,
558 821 681 876 aestate
697 812 804 876 Areus
824 813 912 895 apud
932 810 1121 874 Corinthum
1145 810 1328 874 interfectus
1343 810 1427 896 est¹).
1468 812 1597 874 Eodem

294 933 382 986 certe
394 945 479 987 anno
492 924 679 1004 Antigonus
703 933 816 986 contra
834 921 1068 996 Alexandrum¹
1086 919 1232 985 Corinthi
1256 922 1434 996 dommum,
1465 921 1600 983 bellavit

297 1041 330 1096 et
364 1033 513 1098 Athenas
547 1033 662 1097 trustra
696 1053 870 1116 aggressus
906 1043 970 1098 est:
1005 1051 1091 1094 anno
1126 1030 1245 1093 deinde
1281 1033 1353 1095 262.
1393 1053 1421 1096 a.
1459 1031 1532 1094 Chr.
1561 1053 1593 1098 n.

299 1126 452 1206 Athenae
481 1154 689 1226 expugnatae
717 1154 802 1211 sunt.
850 1144 923 1208 Hoc
959 1145 1045 1206 eninr
1077 1161 1163 1204 anno
1198 1140 1348 1206 Athenas
1378 1153 1490 1225 captas
1522 1163 1594 1205 esse

301 1235 688 1335 optime‘demonstratur
720 1253 912 1320 Philemonis
940 1263 1058 1338 poetae
1090 1252 1204 1314 comici
1236 1262 1349 1325 morte,
1380 1272 1478 1333 quern
1507 1273 1594 1316 anno

300 1365 373 1429 262.
399 1385 426 1426 a.
444 1363 470 1426 C
485 1387 518 1426 2r.
545 1385 574 1427 n.
598 1365 705 1448 paullo
728 1375 803 1429 ante
828 1366 914 1428 urbis
938 1363 1213 1446 expugnationem
1238 1362 1325 1424 diem
1348 1363 1495 1425 ultimum
1526 1362 1593 1425 obi-

297 1475 362 1536 isse·
381 1477 495 1538 statuit
517 1496 544 1538 v.
571 1478 593 1539 d
628 1475 778 1539 Meineke
796 1478 820 1556 A)
851 1475 1068 1556 Wesselingio
1088 1474 1147 1557 '(ad
1179 1473 1276 1538 Diod.
1308 1473 1373 1539 Sic.
1404 1473 1520 1539 XXIII.
1548 1473 1593 1552 7.)

299 1586 395 1658 nisus
421 1587 475 1666 qui
499 1587 609 1650 omnia
634 1606 716 1667 quae
747 1587 791 1648 ibi
822 1594 988 1649 narrantur
1010 1607 1037 1647 a.
1064 1585 1138 1649 262.
1169 1605 1195 1646 a.
1230 1582 1302 1646 Chr.
1337 1604 1366 1644 n.
1399 1593 1491 1664 gesta
1523 1604 1593 1646 esse

297 1695 422 1757 docuit:
447 1695 529 1759 haec
551 1717 616 1758 non
640 1697 718 1759 satis
742 1698 924 1780 respexisse
946 1697 1073 1759 videtur
1090 1694 1303 1775 DroyseniuS,
1321 1713 1396 1756 nam
1421 1713 1503 1774 quae
1530 1705 1591 1756 sta·

298 1805 359 1866 tuit
381 1805 399 1871 l.
425 1806 442 1868 l.
468 1826 500 1886 p.
526 1823 598 1884 244.
624 1827 653 1868 n.
678 1825 709 1884 4.
744 1809 831 1870 »Der
852 1808 927 1870 Tod
950 1807 1202 1870 Philemons...
1228 1805 1330 1869 ist...
1357 1823 1415 1864 vor
1448 1803 1505 1866 der
1535 1804 1593 1866 Be·

297 1914 539 1997 lagerungvvou
564 1917 729 1998 Agrigent
759 1917 1036 1999 (JuniDecember
1068 1916 1154 1999 262.)
1187 1913 1322 1990 erz'ahlt;
1355 1914 1483 1977 Diodor
1514 1915 1595 1976 wird

298 2025 352 2102 ihu
375 2045 427 2088 am
452 2025 585 2089 Schluss
609 2027 666 2089 des
688 2027 962 2110 vorangehenden
982 2013 1103 2108 Jahies,
1129 2026 1188 2088 wie
1211 2045 1245 2086 er
1276 2045 1310 2087 es
1341 2024 1452 2105 pflegt,
1483 2025 1593 2104 ausge-

297 2134 384 2197 sdhrt
405 2136 544 2210 haben‹‚
569 2147 604 2199 ut
626 2137 824 2200 consentiret
846 2158 948 2200 annus
972 2156 1175 2202 cumrerum
1198 2156 1356 2208 connexu,
1375 2135 1502 2215 qualem
1524 2135 1595 2216 ipse

297 2246 472 2319 constituit,
496 2265 603 2309 meam
626 2248 820 2310 sententiam
852 2269 917 2310 non
948 2245 1096 2312 refutant.
1153 2245 1305 2308 Ceterum
1328 2245 1431 2311 Peter.
1461 2263 1595 2328 quoque

298 2353 437 2438 (Grieeh.
462 2356 613 2439 Zeittafl)
639 2357 887 2438 Wesselingium
912 2366 998 2420 recte
1022 2365 1152 2418 secutus
1175 2364 1234 2421 est.

403 2467 515 2547 Atque
538 2488 578 2530 ea
602 2467 733 2548 quidem
761 2467 928 2530 hoc-loco
960 2467 1001 2528 de
1030 2467 1115 2529 bello
1145 2464 1384 2540 Chremonideo
1414 2463 1591 2527 sufficiant:

296 2595 407 2657 pugna
431 2577 528 2658 igitur
551 2578 671 2639 navalis
695 2578 784 2660 apud
808 2577 878 2640 Con
903 2575 1069 2639 referenda
1092 2585 1141 2638 est
1165 2576 1196 2638 in
1220 2595 1340 2637 annum
1364 2575 1437 2654 263.
1463 2596 1490 2636 a.
1517 2574 1594 2640 Chr.

297 2707 326 2749 n.
350 2686 437 2749 Ante
461 2707 532 2750 eam
558 2699 665 2749 autern
689 2687 814 2750 cladem
846 2687 1011 2750 Theocriti
1041 2707 1172 2749 carmen
1202 2686 1314 2758 XVII,
1347 2695 1383 2747 ut
1413 2706 1510 2768 supra
1541 2686 1594 2748 de·

299 2807 480 2858 monstrare
514 2799 630 2871 studui,
665 2799 883 2882 compositum
920 2817 990 2860 esse
1025 2797 1133 2862 debet.
1189 2795 1359 2858 Praeterea
1389 2805 1498 2857 autem
1529 2795 1596 2856 hoc

297 2926 426 2969 carmen
457 2917 550 2989 post·
570 2909 697 2990 nuptias
732 2907 930 2992 Philadelphi
962 2916 994 2968 et
1026 2907 1184 2969 Arsinoae
1213 2907 1261 2976 ll..
1295 2926 1380 2988 quae
1411 2905 1595 2968 celebratae

296 3027 372 3078 sunt
394 3017 479 3080 circa
501 3038 620 3080 annum
645 3019 718 3084 266.
753 3041 780 3086 a.
809 3019 882 3082 Chr.
907 3038 947 3089 n.‚
981 3017 1136 3099 scriptum
1167 3035 1240 3078 esse
1271 3017 1385 3080 statui:
1418 3016 1526 3094 itaque
1557 3015 1597 3080 fit

296 3125 567 3201 verisimillimum,
592 3148 720 3192 carmen
745 3129 786 3190 de
810 3149 875 3210 quo
899 3129 1035 3208 agimus
1061 3145 1136 3188 curn
1159 3125 1353 3188 Theocritus
1379 3126 1507 3207 nuptias
1523 3125 1595 3188 illas

294 3255 501 3319 summopere
532 3236 675 3300 celebret
705 3238 758 3322 (cf.
782 3259 834 3300 vss
873 3255 942 3316 129.
975 3240 1079 3321 seqq.)
1110 3245 1142 3298 et
1171 3235 1418 3315 Philadelphum
1450 3235 1596 3317 appellet

294 3347 437 3428 νυμφίον
460 3347 518 3428 (vs.
543 3349 636 3430 130.)‚
662 3348 751 3410 brevi
770 3358 844 3431 post
868 3347 955 3410 illum
980 3367 1101 3410 annum
1126 3347 1344 3425 compositum
1367 3366 1446 3426 esse.
1488 3345 1596 3408 Immo

295 3475 355 3518 nec
388 3456 450 3519 hoc
482 3457 614 3538 quidem
650 3459 739 3520 omni
775 3459 917 3522 veritatis
953 3458 1062 3540 specie
1096 3477 1205 3518 carere
1240 3456 1340 3518 videri
1370 3464 1495 3535 potest,
1528 3456 1597 3518 hoc.

294 3586 423 3629 carmen
453 3568 496 3629 ad
514 3568 615 3647 ipsos
646 3569 714 3630 dies
742 3569 858 3642 festos
892 3569 1010 3651 quibus
1042 3567 1222 3630 celebratae
1255 3577 1330 3629 sunt
1351 3567 1484 3648 nuptiae
1518 3588 1598 3629 con-

292 3676 448 3758 scriptum
465 3657 544 3740 esse.

405 3965 421 4031 ¹)
440 3965 466 4015 Si
477 3966 581 4017 Diodori
594 3968 649 4016 lect.
664 3969 731 4032 vulg.
745 3969 853 4033 sequerIs
866 3968 971 4027 haeres,
985 3969 1020 4014 uti
1034 3966 1092 4025 dixi,
1106 3973 1164 4014 ante
1181 3965 1277 4014 bellum
1291 3965 1504 4016 Chremonideum
1519 3976 1595 4020 actae

293 4075 347 4108 esse
366 4059 466 4108 debent.
485 4087 513 4096 -
539 4059 705 4108 Librariorum
725 4075 790 4110 error
808 4061 833 4109 in
852 4076 883 4109 eo
902 4059 959 4108 loco
978 4059 1082 4108 Diodori
1101 4058 1197 4107 videtur
1216 4059 1311 4109 inesse:
1331 4075 1376 4122 pro
1397 4063 1461 4109 1111
1481 4057 1534 4126 (qui
1555 4071 1599 4112 est

294 4152 395 4201 ultimus
413 4150 541 4217 numerus)
564 4151 699 4215 legendum
718 4169 832 4218 propono
852 4157 925 4212 1111;
952 4161 1005 4201 tum
1028 4150 1142 4216 regnavit
1161 4152 1239 4199 Areus
1265 4151 1431 4216 quadraginta
1456 4161 1597 4218 septem

292 4259 372 4293 annos
390 4251 415 4292 et
432 4243 578 4292 interfectus
596 4252 633 4293 est
652 4259 718 4294 auno
738 4245 796 4295 262.
817 4263 839 4295 a.
860 4245 919 4294 Chr.
938 4262 981 4305 n.¹
1011 4261 1061 4310 quo
1080 4243 1154 4293 simul
1174 4259 1262 4292 omnes
1281 4241 1442 4294 difficultates
1461 4245 1597 4300 tolluntur.

404 4333 423 4404 ²)
443 4335 577 4386 Menandri
595 4343 620 4384 et
638 4335 790 4384 Philemonis
818 4335 892 4400 Irgm.
913 4336 951 4384 ed.
973 4334 1097 4384 Meineke.
1117 4335 1156 4384 ed.
1177 4335 1234 4384 mai.
1255 4352 1279 4400 p.
1301 4335 1393 4386 XLVI.
1433 4337 1500 4390 Coll.
1521 4339 1599 4396 Suid.

289 4445 308 4478 s.
327 4445 351 4477 v.
374 4428 521 4497 Φιλήμων.
542 4423 743 4496 πολεμούντων
762 4427 792 4478 δὲ
813 4425 968 4492 Ἀθηναίων
991 4436 1038 4479 καί
1059 4423 1220 4496 Ἀντιγόνου
1248 4425 1299 4498 (ἐν)
1320 4432 1452 4498 Πειραιεῖ
1472 4428 1598 4484 διαιτώ-

289 4539 376 4592 μενος
394 4518 409 4572 ὃ
431 4516 568 4589 Φιλήμων
587 4519 655 4589 ὄναρ
676 4517 728 4589 cipri
747 4565 860 4579 ,,,,,,,
880 4521 927 4572 καὶ
947 4523 1010 4589 oi'ye
1031 4521 1114 4572 ἔνδον
1135 4521 1223 4591 ᾤοντο
1246 4519 1398 4575 καθεύδειν
1417 4521 1511 4576 αὐτόν·
1533 4525 1600 4580 ἐπεὶ

293 4616 323 4668 δὲ
340 4612 451 4686 μακρὸν
471 4619 549 4667 τοῦτο
573 4607 613 4678 ἦν,
633 4610 848 4680 grandimonte
867 4619 1009 4666 τεθνεῶτα
1029 4612 1194 4668 ἐθεάσαντο.
1227 4618 1302 4666 Anno
1315 4619 1389 4682 igitur
1403 4615 1478 4680 mla.
1494 4637 1516 4668 a.
1535 4621 1600 4676 Chr.

292 4708 406 4757 Athenae
424 4715 514 4772 captae
535 4714 602 4754 sunt.
