3500 5498
882 503 1093 600 *aa

336 719 427 781 locos
450 718 673 789 Theocriteos
699 717 844 798 inprimis
867 716 908 779 id.
933 715 956 776 1.
980 715 1033 779 66.
1057 733 1148 794 seqq.
1174 711 1244 777 coll.
1270 712 1360 776 Bion.
1392 711 1478 788 138.
1504 749 1547 758 —
1571 731 1634 771 vss.
1734 799 1735 808 ἵ

338 830 489 909 36-48:
513 828 711 890 Doctissime
732 847 791 888 nec
814 837 922 887 tamen
947 824 1050 886 facete
1075 844 1117 886 ex
1140 832 1210 884 tota
1242 821 1447 903 mythologia
1476 822 1639 900 conquirit
1734 865 1735 870 .

338 938 470 1011 fabulas,
495 957 579 1019 quae
602 938 717 998 similia
751 945 943 1016 argumenta
965 935 1095 1008 habent,
1127 944 1163 994 ut
1193 934 1403 1005 demonstret,
1435 932 1637 1013 temporibus

342 1047 492 1128 mythicis
524 1057 648 1110 tantam
682 1047 875 1108 maestitiam
912 1064 1076 1124 nunquam
1112 1043 1220 1118 fuisse,
1256 1052 1378 1124 quanta
1411 1042 1563 1104 lusciniae
1602 1051 1637 1103 et

339 1157 522 1218 hirundines
551 1177 725 1238 percussae
750 1158 781 1218 in
802 1157 972 1218 arboribus
987 1156 1137 1217 sedentes
1153 1154 1289 1233 reliquas
1305 1173 1382 1216 aves
1398 1152 1634 1224 admonuerim,

340 1277 374 1328 ut
408 1286 519 1328 secum
554 1267 662 1328 Bionis
689 1276 829 1329 mortem
864 1288 959 1348 quam
990 1267 1131 1328 maxime
1160 1264 1316 1344 lugerent.
1371 1263 1465 1324 Hanc
1503 1263 1635 1343 quidem

342 1374 529 1458 particulam
553 1396 595 1437 ex
618 1377 683 1438 suis
705 1377 795 1438 addit
819 1387 939 1452 auctor,
964 1398 1061 1461 quem
1085 1377 1182 1458 igitur
1205 1375 1370 1437 hominem
1393 1391 1465 1432 cum
1499 1371 1635 1432 doctum

341 1496 409 1548 tum
433 1485 675 1548 insulsissimum
701 1489 936 1568 cognoscimus.
982 1487 1048 1549 Sed
1072 1487 1180 1549 statim
1205 1487 1295 1566 quasi
1324 1485 1440 1546 timore
1465 1484 1635 1554 adductus,

343 1617 383 1658 ne
407 1595 610 1677 paucioribus
640 1598 835 1679 exprimeret
870 1597 1075 1680 exemplaria,
1107 1597 1148 1658 ad
1179 1597 1377 1659 imitationes
1408 1595 1498 1656 redit.
1551 1593 1638 1656 Nam

341 1707 418 1788 quid
442 1706 527 1768 aliud
551 1708 718 1769 continent
745 1727 807 1773 vss,
832 1722 939 1787 49-5
948 1721 974 1786 5.
1008 1707 1066 1769 nisi
1098 1727 1231 1785 pravam
1263 1714 1362 1787 atque
1392 1705 1475 1767 adeo
1504 1704 1637 1766 foedam

342 1814 505 1878 Theocrit.
531 1816 555 1882 1.
585 1819 767 1894 125.—128
791 1818 1057 1900 descriptionem!
1084 1817 1210 1879 Dein'de
1227 1838 1291 1882 vss.
1318 1813 1635 1894 56-62.The0crit.

340 1925 406 1990 idd.
431 1925 486 1991 VI.
511 1935 544 1987 et
564 1925 617 1988 ΧΙ.
638 1935 669 1987 et
684 1927 775 1989 Bion.
798 1927 835 1991 ΙΙ.
854 1945 882 1989 2.
901 1947 993 2009 seqq.
1012 1938 1044 1990 et
1059 1927 1128 1992 ΧΠ.
1153 1929 1230 2010 (quo
1252 1936 1350 2006 poeta
1373 1944 1473 1987 senex
1497 1925 1637 1986 amicam

341 2035 497 2116 celebrat)
520 2044 552 2098 et
575 2056 637 2100 vss.
663 2037 804 2115 63—68.
829 2038 911 2100 Bion
932 2039 955 2100 1.
981 2038 1050 2100 coll.
1077 2040 1116 2101 V.
1133 2037 1188 2099 VI.
1214 2057 1264 2099 res
1284 2037 1425 2099 breviter
1448 2035 1638 2097 adumbrat.

343 2143 498 2226 Sequitur
519 2156 589 2208 tum
614 2146 714 2207 Bione
738 2164 812 2206 cum
841 2145 987 2208 Homero
1017 2156 1206 2227 comparato
1219 2147 1241 2229 ¹)
1273 2145 1474 2208 Graecorum
1496 2165 1640 2227 poeseos
1735 2179 1736 2200 .

242 2315 247 2326 ,
343 2255 460 2336 lyricae
485 2254 589 2316 brevis
612 2255 760 2319 historia:
786 2263 879 2317 autor
900 2265 1008 2318 autern
1032 2277 1071 2318 eo
1088 2257 1242 2330 ascendit,
1267 2265 1301 2317 ut
1331 2257 1465 2318 Bionem
1490 2256 1638 2316 omnium

344 2385 505 2428 summum
537 2374 570 2428 et
598 2365 807 2427 clarissimum
838 2386 909 2427 esse
937 2367 1127 2434 contendat:
1161 2353 1279 2448 poetae
1310 2365 1389 2428 illius
1429 2366 1559 2447 grandis
1603 2385 1640 2426 se
1735 2395 1736 2420 l

344 2471 393 2555 (οὐ
417 2474 506 2558 ξένος
529 2469 614 2558 ᾥδᾶς
639 2477 858 2558 βουκολικᾶςῑ)
894 2497 964 2538 esse
994 2478 1185 2560 discipulum
1210 2479 1382 2558 ipsumque
1403 2475 1504 2536 Musis
1527 2495 1638 2538 carum

344 2586 493 2647 modeste
516 2594 583 2646 tum
608 2587 648 2648 de
684 2606 719 2647 se
748 2587 819 2664 ipso
847 2588 949 2649 addit:
983 2588 1176 2650 intellexisse
1209 2607 1273 2649 non
1304 2588 1429 2648 videtur
1460 2605 1496 2647 se
1525 2605 1567 2646 ex
1600 2605 1640 2647 ea

344 2696 466 2757 ratione
496 2696 644 2776 proxime
674 2697 715 2758 ad
747 2697 957 2760 Pindarorum
989 2699 1135 2760 ordinem
1172 2698 1345 2760 accedere!
1381 2697 1537 2760 Annectit
1571 2716 1637 2756 vss.

342 2807 516 2886 98·—107.
543 2804 671 2868 devita
695 2806 835 2870 bumana
859 2810 1149 2872 considerationem
1174 2810 1300 2870 inanem
1337 2817 1370 2870 et
1404 2809 1480 2870 satis
1512 2805 1638 2868 futilem

344 2915 490 2999 (fortasse
506 2918 648 2999 respexit
660 2917 750 2982 Bion.
765 2918 861 3001 Viti:
888 2939 955 2992 nos,
980 2920 1091 3003 inquit,
1109 2919 1164 3001 qui
1180 2939 1291 2980 sumus
1314 2918 1445 2999 magni
1459 2965 1466 2986 .
1492 2915 1637 2988 fortes

344 3027 576 3108 sapienteS,
602 3028 657 3089 ubi
691 3029 831 3110 primum
860 3031 927 3091 vita
958 3030 1164 3102 decessimus
1198 3050 1238 3090 ex
1267 3038 1371 3090 terrae
1404 3027 1528 3108 gremio
1560 3049 1639 3088 nun-

342 3158 440 3219 quam
474 3139 683 3218 resurgimus!
727 3139 819 3217 Quae
862 3140 979 3202 deinde
1014 3139 1104 3201 addit
1139 3139 1180 3200 de
1214 3139 1297 3200 ranis
1331 3138 1414 3198 male
1449 3137 1640 3198 canentibus

342 3248 505 3314 Theocrit.
530 3249 571 3310 id.
597 3248 665 3312 VII.
692 3251 742 3328 38.
762 3269 852 3331 seqq.
871 3252 1008 3332 sapiunt,
1028 3269 1164 3329 quorum
1181 3249 1375 3311 sententiam
1392 3247 1509 3309 insuls‘e
1525 3247 1638 3308 immu-

343 3359 430 3424 tavit.
479 3358 672 3421 Coniectura
700 3360 741 3420 de
771 3361 881 3422 Bionis
912 3371 1017 3423 morte
1041 3363 1071 3422 in
1096 3361 1240 3422 medium
1271 3359 1396 3441 prolata
1424 3361 1638 3442 (iob-114.)

342 3478 455 3551 optare
478 3489 521 3542 se,
547 3470 659 3548 inquit,
685 3479 721 3531 ut
742 3470 825 3531 sicut
859 3471 936 3532 olim
961 3470 1122 3552 Orpheus
1140 3470 1260 3542 Ulixes,
1278 3470 1434 3531 Hercules
1459 3469 1500 3530 ad
1517 3469 1638 3533 inferos

343 3580 538 3642 descendere
563 3581 666 3659 possit
689 3580 824 3642 Bionem
849 3582 936 3662 apud
959 3582 1129 3643 Plutonem
1153 3590 1322 3642 canentem
1346 3579 1520 3642 auditurus.
1570 3579 1638 3641 Ad-

341 3690 571 3752 hortaturtum
593 3690 728 3752 Bionem
746 3701 920 3766 mortuum,
945 3702 979 3755 ut
1002 3692 1226 3772 Proserpinam
1250 3710 1381 3771 quoque
1412 3688 1553 3752 Siculam
1585 3689 1636 3771 (cf.
1736 3665 1737 3694 r

342 3800 432 3862 Bion.
464 3800 487 3865 Ι,
516 3817 569 3881 97.
602 3801 684 3881 seq.)
720 3811 816 3863 cantu
849 3802 999 3863 bucolico
1028 3800 1174 3872 delectet,
1206 3820 1277 3861 eam
1309 3800 1395 3861 enim
1425 3801 1493 3861 sine
1524 3801 1636 3872 dubio,

342 3910 423 3973 sicut
445 3909 580 3990 Orpheo
604 3910 810 3990 Eurydicam‚
841 3912 946 3992 ipsum
980 3910 1145 3972 montibus
1175 3909 1288 3972 Siculis
1323 3910 1519 3973 reddituram
1553 3931 1635 3972 esse.

341 4018 368 4083 εἰ
392 4018 480 4083 δέτι
503 4015 614 4104 κήγών
636 4023 644 4106 Η
668 4020 830 4104 συρίσδων
853 4020 1012 4103 ὀυνάμαν,
1037 4016 1127 4103 παρὰ
1152 4019 1292 4084 Πλουτέι
1316 4015 1439 4093 κάὐτὸς
1462 4011 1576 4084 ἄειδον.

447 4129 521 4192 Hoc
554 4138 603 4192 est
633 4141 860 4210 argumentum
890 4131 1047 4203 carminis,
1078 4131 1167 4214 quod
1220 4151 1294 4192 cum
1339 4131 1435 4212 longe
1467 4131 1560 4193 abest
1594 4131 1638 4192 ab

344 4239 577 4321 exemplarium
602 4241 640 4322 (si
665 4242 938 4323 compositionem
962 4250 995 4302 et
1019 4240 1235 4303 elocutionem
1259 4242 1403 4324 respicis)
1438 4240 1579 4302 candore
1604 4250 1639 4304 et

450 4423 468 4494 ¹)
489 4427 530 4474 Vs.
545 4425 586 4475 80.
607 4434 669 4475 tecte
689 4427 794 4475 Homeri
812 4435 836 4476 et
851 4428 954 4476 Hesiodi
973 4437 1098 4477 certamen
1117 4428 1259 4477 fabulosum
1279 4426 1421 4491 significare
1439 4425 1553 4484 videtum
1573 4427 1639 4474 Bion

340 4519 421 4582 igitur,
441 4535 498 4567 cum
512 4518 639 4566 Hesiodus
657 4519 785 4567 victoriam
803 4515 971 4582 reportaverit,
991 4537 1020 4569 ex
1039 4522 1146 4570 auctoris
1162 4520 1281 4584 opinione
1300 4528 1324 4567 et
1342 4520 1394 4584 ipse
1408 4517 1548 4567 Homerum
1566 4519 1640 4583 paul-

341 4611 419 4660 lulum
445 4619 558 4676 superat;
587 4627 621 4660 vs.
642 4609 683 4659 81.
704 4626 773 4675 seqq.
795 4626 876 4660 rursus
895 4612 1020 4662 Theocrit.
1040 4613 1075 4663 id.
1098 4613 1116 4661 l.
1137 4611 1194 4660 XII.
1215 4623 1256 4674 30.
1275 4627 1344 4676 seqq.
1377 4619 1401 4660 et
1419 4610 1491 4659 Bion.
1511 4610 1545 4660 id.
1566 4611 1587 4659 1.
1607 4611 1641 4660 si-

342 4702 486 4770 gnificavitl
