3500 5498
953 512 997 574 94

875 585 1082 594 -mo-

330 715 427 783 tator,
452 726 516 770 non
533 705 727 770 Theocritus
742 706 844 780 Arati,
871 718 905 770 ut
929 716 1038 770 censet
1060 728 1090 769 v.
1116 707 1144 770 d.
1168 707 1283 788 Bergk.
1311 707 1492 772 Scholiasta
1514 717 1630 770 autem

329 815 542 881 Theocriteus
566 818 700 878 omnino
723 838 741 878 e
762 838 846 880 vano
871 817 1020 881 hauriens
1044 817 1255 880 Theocritum
1280 819 1460 901 respexisse
1485 818 1628 880 Aratum

329 928 403 989 ideo
427 929 572 1010 scripsit,
607 929 697 1010 quod
729 927 958 991 Phaenomeua
992 928 1225 1010 posterioribus
1259 929 1463 1010 temporibus
1486 948 1628 989 summa

329 1036 518 1101 fruebantur
541 1039 636 1100 laude
653 1039 782 1120 poetica
799 1038 965 1118 multoque
981 1039 1086 1118 magis
1103 1039 1325 1112 innotuerant.¹
1343 1059 1440 1120 quam
1457 1038 1626 1101 Theocriti
1733 1091 1734 1096 ,

329 1148 471 1229 idyllium
495 1148 607 1222 XVII..
634 1149 722 1230 quod
746 1149 877 1228 quidem
900 1149 1124 1211 demonstrant
1146 1168 1218 1210 cum
1243 1147 1406 1212 Ciceronis
1431 1158 1463 1211 et
1486 1149 1626 1211 aliorum

329 1259 494 1322 versiones
525 1269 595 1321 tum
618 1258 925 1322 Phaenomenorum
953 1259 1015 1322 loci
1037 1280 1137 1341 saepe
1167 1259 1271 1332 citati,
1302 1259 1340 1322 cl.
1368 1259 1512 1341 inprimis
1538 1259 1625 1321 Pauli

329 1369 467 1452 apostoli
492 1371 696 1432 notissimum
720 1369 813 1436 illud:
841 1377 901 1434 τοῦ
924 1367 986 1454 γὰρ
1008 1370 1063 1433 καὶ
1085 1368 1177 1452 γένος
1200 1366 1293 1452 ἒσμέν
1308 1369 1337 1452 1).
1385 1370 1468 1432 Nam
1495 1389 1628 1451 semper

264 1513 270 1530 ·
329 1479 380 1553 fit,
410 1481 436 1542 si
468 1480 533 1541 duo
565 1480 705 1542 carmina
729 1489 900 1562 poetarum
925 1479 1106 1560 aequalium
1130 1479 1239 1560 aliquo
1264 1482 1363 1544 modo
1385 1466 1468 1542 inter
1489 1501 1525 1542 se
1551 1500 1623 1542 con-

329 1592 487 1662 sentiunt,
525 1600 560 1652 ut
592 1591 740 1652 homines
774 1598 907 1672 poetam
942 1590 1092 1652 carminis
1125 1590 1243 1671 peioris
1278 1599 1443 1654 auctorem
1479 1590 1625 1652 clarioris
1734 1581 1735 1586 ¹

329 1702 510 1783 respexisse
534 1710 566 1763 et
588 1702 746 1763 imitatum
773 1721 842 1762 esse
870 1709 1023 1762 statuant.
1071 1700 1184 1781 ltaque
1212 1700 1310 1762 schol.
1336 1700 1474 1766 Theocr.
1507 1701 1628 1764 eodem

329 1811 398 1873 iure
433 1821 465 1874 et
497 1810 632 1873 sortasse
670 1811 787 1872 rectius
822 1811 960 1874 scribere
997 1819 1144 1893 poterat:
1178 1808 1329 1895 κέχρηται
1359 1811 1391 1875 ds
1421 1807 1464 1874 τά
1488 1805 1627 1894 Προίτου

335 1919 499 2003 Φαινόμεα
522 1919 651 2003 εἰσβολῇ
677 1922 871 2008 θεοκριτείᾳ.

435 2031 482 2094 At
504 2051 544 2092 ne
567 2030 799 2093 Theocriteum
832 2032 966 2110 quidem
990 2031 1066 2092 illud
1091 2031 1259 2093 exordium
1285 2041 1350 2106 est;
1384 2040 1628 2093 antecesserunt
1735 2041 1736 2050 ¹

330 2150 458 2220 praeter
479 2139 727 2215 Callimachum,
760 2162 780 2202 a
811 2161 876 2222 quo
909 2151 1072 2204 mutuatus
1095 2150 1159 2210 est.
1189 2141 1239 2202 alii
1264 2151 1399 2222 poetae,
1432 2141 1486 2223 qui
1512 2141 1627 2204 iisdem

330 2249 396 2312 sere
426 2250 532 2313 verbis
564 2251 611 2312 usi
642 2260 730 2316 sunt:
761 2250 801 2316 cl.
826 2250 994 2314 Alcmanis
1018 2251 1186 2314 Mesoatae
1210 2252 1320 2332 hymn.
1346 2253 1378 2312 in
1403 2252 1469 2314 lov.
1503 2251 1626 2315 exord:

330 2357 409 2444 Ἐγὼ
431 2359 456 2425 d'
481 2355 623 2444 ἀείσομαι
652 2337 688 2424 ἐνί
722 2360 797 2436 Διὸς
830 2357 1020 2446 ἀρχόμενος,
1050 2362 1231 2444 Terpandri
1261 2362 1424 2425 Antissaei
1456 2361 1567 2442 hymn.
1595 2362 1626 2422 in

330 2472 395 2536 lov.
420 2471 539 2536 exord:
572 2473 646 2547 Ζεῦ,
671 2470 810 2535 πάντων
833 2468 933 2554 ἀρχά,
958 2470 1098 2537 πάντων
1122 2467 1271 2557 ἀμήτωρ,
1296 2469 1304 2560 ll
1327 2475 1408 2550 Ζεῦ,
1434 2471 1483 2536 σοὶ
1507 2471 1628 2554 πέμπω

329 2581 455 2646 ταύταν
488 2575 602 2664 ῧμνσον
636 2577 758 2664 ἀρχάν,
794 2581 995 2662 Theognidis
1030 2582 1227 2663 Megarensis
1257 2604 1303 2644 vs.
1343 2600 1367 2644 1.
1401 2582 1629 2664 (Schneidew.)

329 2682 467 2774 ὧάναξ,
491 2693 619 2775 Λητοῦς
640 2689 698 2769 υίέ,
722 2689 797 2767 Διὸς
820 2692 924 2772 τέκος,
954 2683 1074 2757 οὔποτε
1098 2706 1163 2757 σεῖο
1177 2692 1186 2781 Η
1202 2694 1336 2776 λήσομαι
1360 2689 1537 2778 ἀρχόμενος
1559 2683 1626 2756 οὐδ’

328 2798 587 2886 ἀποπαυόμενος,
605 2805 613 2888 ll
628 2798 698 2865 ἀλλ’
717 2803 776 2866 αἰεὶ
793 2801 928 2886 πρῶτόν
943 2804 1047 2867 τεκαὶ
1069 2797 1212 2868 ὕστατον
1231 2800 1267 2867 ἔν
1281 2826 1317 2868 τε
1331 2803 1474 2887 με’σοισιν
1489 2800 1497 2872 ll
1513 2799 1624 2866 ἀείσω·

331 2916 402 2977 κτλ.
451 2913 551 2974 Vides
572 2912 668 2992 igitur
692 2912 920 2985 coniecturam,
946 2912 1154 2976 Theocritum
1170 2913 1232 2976 hoc
1257 2914 1330 2976 loco
1354 2913 1447 2976 Arati
1472 2933 1543 2975 esse
1561 2932 1627 2974 sec·

331 3032 483 3094 tatorem,
508 3022 756 3084 audacissimam
780 3043 859 3086 esse.

819 3214 1015 3288 Excursus
1044 3216 1089 3290 11.

439 3388 634 3453 Theocritus
665 3390 764 3471 idyllii
788 3390 888 3453 XVII.
913 3411 1025 3453 versus
1051 3392 1098 3453 16.
1132 3377 1223 3474 seqq.
1254 3401 1373 3472 suopte
1402 3392 1531 3473 ingenio
1565 3409 1632 3453 non

334 3501 528 3584 composuit.
576 3500 766 3563 Athenaeus
797 3501 882 3563 enim
914 3503 945 3563 in
977 3521 1120 3584 pompae
1144 3502 1323 3565 Bacchicae
1357 3503 1574 3585 descriptione
1598 3521 1629 3580 p.

334 3628 408 3675 201.
435 3610 464 3672 d.
495 3609 575 3672 haec
604 3610 716 3676 habet:
840 3610 1049 3694 Ἀλεξάνδρου
1079 3611 1112 3676 δὲ
1141 3612 1195 3676 καὶ
1224 3614 1427 3695 Πτολεμαίου
1458 3609 1631 3696 ἀγάλματα

331 3719 579 3803 ἐστεφανωμενα
610 3719 783 3801 στεφάνοις
812 3723 970 3796 κισσίνοις
992 3719 1028 3786 ἐκ
1056 3730 1188 3805 χρυσοῦ.
1218 3721 1258 3786 τὸ
1281 3721 1314 3786 δὲ
1335 3725 1394 3806 τῆς
1409 3721 1533 3808 Ἀρετῆς
1547 3725 1573 3803 ⁹)
1600 3718 1630 3786 ἀ·

331 3835 436 3915 χαλμα
468 3829 508 3895 τὸ
530 3829 691 3915 παρεστὸς
724 3834 773 3915 τῷ
793 3833 988 3916 Πτολεμαίῳ
1036 3831 1199 3912 στέφανον
1218 3827 1316 3914 1εἶχεν
1347 3829 1456 3907 ἐλαίας
1476 3842 1631 3916 χρυσοῦν.

332 3942 386 4005 καί
406 3935 562 4026 Ἡρακλῆς
575 3942 600 4021 ³)
634 3937 774 4017 ὁάῦτοῑς
798 3945 970 4026 συμπαρῆν
1002 3938 1087 4024 ἔχων
1121 3941 1284 4022 στέφανον
1317 3939 1354 4006 ἐκ
1391 3951 1523 4026 χρυσοῦ.
1556 3948 1630 4008 κτλ.

331 4052 383 4114 Ex
408 4050 525 4131 quibus
548 4051 661 4129 elucet,
685 4050 895 4115 Theocritum
920 4073 976 4115 eos
998 4072 1108 4114 versus
1130 4053 1325 4116 scribentem
1347 4052 1515 4116 hominum
1532 4055 1632 4127 Alex-

333 4162 540 4226 andrinorum
565 4162 606 4224 de
630 4182 742 4243 regum
770 4183 903 4228 suorum
931 4162 1056 4242 origine
1087 4171 1119 4224 et
1149 4163 1334 4244 primordiis
1370 4163 1539 4244 opiniones
1571 4165 1633 4226 sol-

444 4339 459 4410 ')
481 4341 519 4392 Cf.
539 4341 668 4391 Cleanthis
692 4341 778 4406 hymni
801 4342 826 4390 in
847 4341 932 4391 lovem
957 4357 991 4391 vs.
1011 4355 1037 4401 4.
1069 4338 1108 4407 (C.
1127 4341 1309 4392 Wachsmuth:
1339 4341 1517 4392 commentatio
1535 4339 1571 4392 ll.
1594 4344 1626 4392 de

332 4435 435 4484 Zenone
456 4434 558 4484 Citiensi
576 4441 601 4483 et
619 4432 745 4483 Cleanthe
763 4435 844 4486 Assio.
864 4449 947 4499 progr.
969 4433 1037 4483 Gott.
1061 4433 1134 4498 1875.
1154 4450 1181 4498 p.
1205 4431 1266 4502 17.).

439 4525 459 4595 ²)
477 4526 554 4576 Vides
571 4527 646 4592 igitur
658 4523 776 4595 Ἀρετήν,
796 4543 872 4591 quam
886 4526 1058 4576 Callimachus
1077 4542 1178 4590 quoque
1194 4526 1278 4590 hymn.
1300 4527 1333 4575 in.
1353 4525 1407 4574 Iov.
1426 4534 1486 4575 extr.
1508 4527 1631 4591 appellat,

332 4618 479 4670 Ptolemaeo
497 4617 523 4668 in
542 4619 636 4670 deliciis
654 4619 738 4670 fuisse.

439 4708 460 4777 ³)
479 4711 520 4760 Sic
538 4712 590 4776 leg.
610 4711 702 4778 Kamp.
723 4713 739 4761 l.
759 4712 775 4760 l.
795 4728 819 4776 p.
843 4723 881 4760 12.
903 4727 927 4760 n.
948 4726 993 4775 pro
1014 4716 1153 4779 Πρίαπος.
