3500 5498
836 460 1048 544 ..L

294 661 436 743 poetis
472 658 687 724 bucolicis
722 667 944 720 numeraretur
989 659 1128 741 (tantum
1163 657 1258 738 igitur
1291 655 1391 720 valuit
1427 655 1593 718 Theocriti

295 769 496 851 Syracusani,
519 770 574 853 qui
589 789 630 832 eo
646 768 842 851 cognomine
866 768 906 830 ab
928 768 1116 848 aequalibus
1138 767 1371 853 appellabatur,
1390 767 1587 849 auctoritas),

297 901 401 964 neque
425 880 522 944 ullum
546 878 715 943 Moscho
739 878 917 942 adscribi
939 888 1089 961 posset
1109 899 1274 941 carmen
1297 877 1542 941 bucolicum.

399 990 642 1054 Artemidorum
665 988 914 1072 grammaticum
938 987 1062 1071 (floruit
1084 987 1199 1052 ultimo
1223 989 1435 1051 semisaeculo
1460 1010 1487 1051 a.
1513 987 1587 1051 Chr.

295 1122 324 1167 n.
350 1100 388 1164 cl.
409 1100 558 1166 Ahrens.
577 1098 643 1162 vol.
673 1099 710 1164 ll.
746 1119 777 1182 p.
810 1098 1003 1181 xxxvsst.)
1036 1099 1172 1181 primam
1202 1098 1383 1180 idylliorum
1415 1099 1589 1161 editionem

295 1211 415 1294 publici
438 1211 512 1273 iuris
536 1206 649 1273 fecisse
672 1217 813 1272 constat:
840 1208 940 1272 edidit
963 1229 1028 1272 non
1044 1209 1149 1278 solum
1172 1209 1327 1284 bucolica,
1351 1229 1435 1290 quae
1450 1209 1588 1272 Alexan·

295 1322 390 1384 dreae
413 1321 670 1408 asservabantur,
696 1319 865 1382 sedetiam
891 1321 1022 1383 omnina
1044 1339 1128 1399 quae
1143 1319 1265 1402 passim
1289 1319 1482 1400 legebantur
1504 1321 1589 1402 (nam

294 1431 504 1494 Theocritum
527 1429 752 1492 occasionibus
776 1429 859 1492 datis
883 1430 1025 1493 carmina
1048 1429 1187 1492 edidisse
1211 1431 1333 1492 docent
1366 1429 1431 1490 idd.
1454 1429 1509 1492 Vl.
1533 1427 1587 1494 Xl.

294 1541 377 1604 ΧΙΙΙ.
410 1540 482 1607 XV.
511 1539 598 1606 XVI.
628 1539 729 1602 XVII.
761 1537 939 1622 XXVIII.);
971 1539 1035 1603 hoc
1066 1541 1186 1603 indicat
1216 1541 1337 1623 epigr:
1361 1533 1589 1622 Ἀρτεμιδώρου

294 1660 354 1717 τοῦ
377 1658 598 1736 γραμματικοῦ
619 1647 672 1714 ἐπὶ
694 1651 736 1732 τῇ
759 1645 906 1733 ἀθροίσει
928 1657 997 1714 τῶν
1019 1654 1223 1731 βουκολικῶν
1245 1647 1447 1734 ποιημάτων.

401 1761 597 1826 Βουκολικαὶ
624 1772 731 1842 μοῖραι
764 1759 923 1844 σποράδες
952 1759 1051 1838 ποκά,
1082 1769 1143 1824 νῦν
1175 1755 1268 1843 δ’ἅμα
1296 1766 1398 1825 μᾶσαι

454 1868 520 1936 ἐντὶ
543 1878 618 1953 μιᾶς
639 1870 793 1955 μάνδρας,
816 1867 883 1935 ἐντὶ
906 1877 981 1954 μιᾶς
1004 1866 1140 1954 ἀγέλας..

295 2002 361 2065 quo
385 1982 459 2043 ideo
482 1980 624 2062 appellat
650 1981 778 2044 >Musas
801 1980 996 2055 medicas«,
1020 1983 1110 2063 quod
1132 1981 1325 2045 Theocritus
1353 1991 1471 2064 ›poeta
1492 1982 1587 2045 buco·

294 2094 392 2156 licus«
431 2090 578 2156 sollemni
614 2112 672 2154 usu
707 2092 940 2174 appellabatur.
1001 2091 1084 2155 Cum
1120 2112 1197 2155 vero
1232 2092 1361 2174 saepius
1393 2092 1589 2176 inscriptioni

298 2202 469 2287 »Μόσχουι
496 2211 686 2275 occurreret,
721 2203 799 2283 ipse,
833 2201 866 2263 id
889 2201 1054 2288 Theocriti
1085 2222 1270 2283 cognomen
1300 2201 1397 2264 luisse
1429 2203 1588 2284 ignorans,

296 2315 418 2397 primus
442 2313 488 2404 (ut
510 2314 648 2394 videtur)
671 2311 843 2384 Moschum
868 2321 1002 2394 poetam
1031 2313 1213 2376 bucolicum
1246 2332 1285 2375 eo
1318 2311 1442 2374 facilius
1476 2313 1589 2374 consti-

296 2423 365 2498 tuit,
402 2423 491 2507 quod
522 2422 651 2486 saeculo
681 2421 746 2486 lere
776 2422 1093 2501 postTheocritum
1123 2421 1294 2484 Moschum
1328 2423 1588 2503 grammaticum,

296 2532 475 2596 Aristarchi
508 2531 682 2617 γνώριμον,
716 2531 943 2594 Alexandreae
978 2533 1097 2596 vixisse
1131 2541 1218 2596 certe
1253 2533 1355 2595 sciret.
1363 2532 1385 2619 ¹)
1443 2531 1592 2596 Servavit

298 2644 381 2707 hanc
410 2644 602 2707 sententiam
633 2641 773 2716 Servius,
805 2641 942 2723 Vergilii
975 2643 1132 2724 interpres
1156 2646 1314 2727 (prooem.
1338 2644 1438 2724 Verg.
1462 2645 1534 2710 buc.
1558 2666 1591 2727 p.

297 2767 348 2835 95.
386 2754 509 2841 Lion.):
524 2801 640 2829 .....
676 2762 711 2816 ut
751 2753 895 2816 imitetur
935 2753 1218 2816 Theocritum
1262 2753 1592 2834 Syracusanum,

297 2865 508 2928 meliorem
539 2863 713 2926 Moscho
741 2873 842 2928 etc.‹:
875 2866 981 2931 certe!
1013 2884 1089 2926 nam
1116 2865 1240 2946 optima
1268 2865 1433 2928 Theocriti
1466 2865 1595 2928 Moschi

297 2975 439 3038 carmina
462 2974 593 3056 (scilicet
615 2973 785 3058 bucolica),
812 2994 950 3054 quorum
973 2975 1148 3038 candorem
1171 2995 1336 3057 perpauca
1360 2995 1484 3050 eorum,
1509 2996 1596 3058 quae

297 3086 357 3148 sub
384 3084 546 3148 ›Moschi‹
574 3085 704 3148 nomine
725 3083 879 3159 latebant,
905 3086 1100 3168 aequabant,
1127 3105 1147 3147 a
1170 3085 1385 3149 bibliothecae
1403 3086 1595 3150 Alexandri·

297 3216 355 3258 nae
378 3196 566 3259 custodibus
589 3194 692 3257 doctis
715 3204 828 3257 recto
853 3206 1005 3274 poetae
1029 3196 1200 3257 nomine
1222 3197 1378 3259 denotata
1400 3205 1499 3260 erant.

404 3305 615 3368 Coniecturae
652 3324 743 3366 meae
784 3304 871 3366 aliud
906 3305 993 3368 favet
1026 3314 1272 3386 argumentum:
1308 3306 1471 3370 Marianus
1505 3307 1596 3371 enim

299 3415 398 3480 Suida
420 3423 503 3479 teste
524 3414 728 3499 μετάφροιοιν
754 3416 930 3498 Θεοκρίτου
952 3412 987 3479 ἓν
1015 3413 1140 3498 ἰάμβοις
1171 3422 1254 3499 ,ypv‘
1277 3417 1306 3500 (i.
1324 3437 1351 3479 e.
1382 3419 1482 3499 3150)
1506 3438 1596 3481 com·

298 3528 415 3612 posuit.
462 3527 530 3588 lam
555 3534 641 3588 recte
666 3526 791 3588 monuit
807 3525 936 3590 Hauler.
962 3525 993 3609 (l.
1014 3524 1032 3586 l.
1057 3547 1089 3607 p.
1114 3528 1188 3611 33.),
1213 3527 1349 3589 Mariani
1369 3529 1594 3610 metaphrases

298 3657 433 3699 numero
457 3655 610 3699 versuum
632 3636 797 3698 breviores
813 3654 910 3715 quam
934 3645 1104 3699 auctorum
1120 3657 1221 3720 opera
1244 3637 1349 3700 luisse.
1398 3639 1490 3702 Arati
1506 3639 1594 3702 enim

297 3746 599 3810 Phaenomenorum
624 3755 657 3810 et
680 3746 930 3809 Diosemeorum
962 3747 1176 3830 metophrasis
1205 3747 1348 3811 Mariana
1380 3766 1463 3826 1140
1494 3751 1594 3814 conti·

299 3857 368 3920 nuit
389 3877 509 3931 versus,
533 3876 663 3919 carmen
687 3856 794 3939 ipsum
815 3868 897 3935 1154
920 3875 1048 3937 versus,
1074 3857 1240 3940 Apollonii
1263 3858 1384 3922 Rhodii
1399 3859 1592 3941 Argonauti-

298 3987 411 4030 corum
428 3967 644 4048 metaphrasis
663 3967 746 4046 5608
771 3986 892 4040 versus
923 3987 1053 4031 carmen
1076 3968 1182 4048 ipsum
1216 3971 1297 4048 5835
1324 3990 1408 4049 vss.3
1440 3970 1593 4033 Nicandri

298 4077 531 4141 Theriacorum
556 4085 589 4140 et
610 4063 958 4160 Alexipharmacorum
981 4077 1193 4160 metaphrasis
1220 4093 1304 4159 1570
1318 4080 1405 4162 (lego
1427 4102 1455 4148 c.
1475 4079 1591 4164 Bergk.

299 4195 389 4270 ,upo‘
412 4207 473 4270 pro
497 4194 580 4266 ,ατο
605 4187 716 4271 Sum),
744 4207 873 4250 carmen
897 4188 1003 4270 ipsum
1031 4190 1112 4267 1588
1138 4209 1201 4255 uss.
1248 4190 1365 4253 Iamsi
1394 4189 1593 4254 Ahrensium

300 4297 442 4380 sequeris
466 4310 561 4377 2355,
586 4298 612 4360 si
635 4297 832 4361 Meinekium
849 4297 957 4378 3066,
982 4298 1009 4360 si
1024 4297 1235 4361 Fritzschium
1252 4315 1338 4380 2904
1360 4321 1470 4364 versus
1485 4300 1593 4364 Theo·

411 4564 429 4633 ¹)
449 4566 551 4630 Scripsit
570 4567 735 4636 Μηχιιτιιιιί,
756 4563 886 4634 ἐξήγησιν
898 4562 1051 4621 Ῥοδιακῶν
1068 4567 1182 4634 λέξεων,
1196 4569 1228 4620 al.
1243 4569 1273 4621 cf.
1293 4570 1325 4619 de
1337 4585 1368 4620 eo
1381 4569 1517 4632 Fabricius,
1528 4569 1593 4622 bibl.

301 4674 339 4729 gr.
357 4657 407 4708 vol.
429 4658 475 4707 111.
495 4676 519 4728 p.
540 4659 599 4710 806.
619 4676 670 4728 seq.
