3500 5498
924 472 964 532 62

302 671 358 768 (Cf.
383 673 492 741 Holm.
535 675 554 741 l.
587 676 618 760 l.)
653 677 733 740 Tale
768 691 930 770 certamen
965 685 996 746 in
1031 687 1172 748 carmine
1206 687 1274 750 Vll.
1301 689 1497 772 descriptum
1532 698 1590 752 est.

300 783 491 850 Theocritus
515 786 563 850 Co
588 788 699 856 relicta
728 791 967 856 Alexandream
990 815 1025 857 se
1049 796 1183 860 contulit
1206 798 1290 861 circa
1314 821 1340 860 a.
1369 816 1440 880 277.
1463 821 1491 861 a.
1516 799 1591 864 Chr.

300 915 330 955 n.
362 893 412 975 (cf.
444 897 485 958 id.
516 897 662 982 XXVI.);
694 900 812 966 deinde
845 903 1021 986 Syracusas
1051 908 1129 970 adiit
1157 929 1185 970 a.
1220 909 1293 987 269.
1324 929 1351 972 a.
1383 911 1456 976 Chr.
1483 931 1512 972 n.
1539 909 1589 991 (cf.

300 1004 430 1070 Hauler.
461 1007 502 1069 de
525 1007 567 1069 id.
591 1007 677 1071 XVI.
701 1033 732 1094 p.
757 1015 808 1077 26.
834 1035 924 1096 seqq.
949 1016 1018 1082 coll.
1042 1017 1151 1084 Holm.
1174 1018 1258 1083 Hist.
1290 1019 1351 1082 Sic.
1383 1029 1416 1082 et
1447 1019 1590 1083 Bursian.

300 1134 373 1176 ann.
398 1114 416 1176 l.
441 1115 481 1200 1.).
532 1117 699 1200 Syracusis
719 1127 763 1189 ob
795 1129 868 1190 belli
892 1127 1048 1189 tumultus
1069 1128 1184 1192 relictis
1208 1129 1364 1204 Miletum,
1391 1140 1426 1193 ut
1448 1130 1591 1194 Haulero
1638 1123 1641 1130 ’

299 1225 343 1306 (ρ.
368 1226 435 1307 64.)
470 1228 649 1304 credamus,
673 1236 715 1298 ad
745 1238 869 1301 Niciam
901 1240 1041 1314 amicum
1073 1239 1292 1320 permigravit.
1348 1239 1440 1303 Circa
1469 1261 1590 1303 annum

300 1335 372 1413 265.
399 1355 425 1398 a.
452 1335 666 1429 Chr.'iterum
692 1345 917 1412 Alexandreae
941 1357 1124 1414 versantem
1149 1369 1224 1411 eum
1247 1350 1445 1412 inveniemus
1470 1351 1520 1433 (cf.
1546 1351 1589 1414 id.

298 1443 424 1523 XVIl.),
450 1447 504 1509 ubi
527 1460 644 1531 postea
666 1451 850 1517 Callimachi
874 1466 983 1538 partes
1005 1467 1134 1521 secutus
1157 1467 1215 1532 est,
1239 1460 1329 1522 cuius
1352 1461 1396 1522 rei
1412 1462 1589 1524 testimoni-

299 1575 354 1616 um
379 1555 461 1618 inest
484 1557 515 1619 in
538 1559 579 1622 id.
600 1561 667 1634 Vll.
689 1583 750 1625 vss.
768 1578 821 1644 45.
846 1585 935 1650 seqq.
983 1568 1054 1630 Hac
1071 1569 1102 1630 in
1126 1569 1204 1631 urbe
1222 1579 1348 1650 praeter
1361 1570 1421 1632 alia
1438 1573 1589 1648 carmina,

300 1666 456 1728 memoria
479 1667 565 1730 vitae
581 1674 774 1751 praeteritae
791 1676 990 1748 resuscitata,
1015 1699 1144 1742 carmen
1159 1681 1228 1746 VII.
1253 1681 1322 1746 sive
1338 1681 1590 1761 descriptionem

298 1775 471 1838 iuventutis
492 1781 576 1842 circa
599 1803 627 1848 a.
654 1787 729 1862 248.
754 1806 780 1848 a.
808 1785 882 1853 Chr.
908 1808 937 1850 n.
964 1791 1150 1868 composuit

569 2039 765 2112 Excursus
791 2039 839 2111 de
864 2040 914 2114 id.
941 2039 1021 2114 Vll.
1049 2065 1123 2114 vss.
1150 2041 1322 2115 72-77,

403 2221 447 2284 Id.
474 2221 542 2284 Vll.
572 2229 712 2299 72-77.
737 2236 775 2277 ea
802 2217 967 2280 continere
1002 2217 1079 2284 mihi
1115 2219 1271 2292 videntur,
1307 2221 1423 2300 quibus
1459 2221 1588 2304 qualem

297 2331 357 2394 sibi
380 2330 508 2394 finxerit
530 2327 721 2392 Theocritus
745 2325 926 2409 Daphnidis
948 2327 1090 2394 fabulam
1105 2329 1127 2411 ¹)
1150 2328 1220 2394 coll.
1238 2330 1281 2395 id.
1298 2329 1319 2390 l.
1339 2339 1372 2392 et
1396 2330 1478 2392 Vlll.
1505 2340 1587 2397 extr.

297 2441 420 2523 optime
451 2441 661 2521 intellegatur.
709 2437 899 2500 Persuasum
930 2447 1039 2500 autem
1074 2439 1151 2500 mihi
1187 2448 1243 2511 est,
1276 2439 1456 2521 nympham
1487 2461 1588 2522 quam

297 2550 444 2630 Daphnis
468 2545 608 2635 ἄκρηβος
630 2545 694 2612 ἐὼν
716 2544 764 2612 ἔτι
788 2549 871 2610 Vlll.
897 2566 949 2628 93.
974 2549 1004 2610 in
1029 2550 1270 2612 matrimonium
1295 2550 1401 2625 ducat,
1426 2570 1498 2612 eam
1523 2571 1589 2613 non

222 2703 226 2710 -
297 2681 377 2734 esse,
403 2681 498 2746 quam
520 2660 589 2725 Vll.
616 2676 665 2740 73.
689 2669 757 2721 tam
780 2659 949 2722 libidinose
973 2671 1076 2726 amet:
1099 2661 1202 2724 lucem
1227 2659 1341 2722 afferre
1372 2661 1523 2723 videntur
1546 2662 1587 2724 id.

296 2771 319 2833 I.
345 2775 396 2837 82.
420 2791 511 2854 seqq.
536 2769 644 2833 Puella
667 2771 763 2841 enirn,
789 2770 878 2832 cuius
902 2791 1012 2833 amore
1029 2791 1208 2854 permagno
1233 2769 1441 2851 Daphnidem
1460 2791 1587 2853 percus-

296 2901 368 2944 sum
392 2882 435 2944 ait
458 2883 594 2962 Priapus
621 2880 639 2942 l.
667 2883 716 2942 82.
744 2881 806 2951 88..
832 2901 897 2942 non
920 2891 970 2943 est
992 2901 1073 2952 uxor
1095 2880 1241 2960 legitima
1265 2882 1350 2962 (eam
1381 2883 1425 2943 ob
1457 2901 1587 2946 causam

296 2993 429 3074 Priapus
452 2992 631 3074 inducitur),
655 2991 755 3052 immo
777 3000 826 3052 est
848 2991 968 3065 Xenea,
993 3011 1090 3072 quam
1114 2990 1256 3073 appellat
1278 2991 1320 3057 id,
1345 2991 1415 3055 Vll.
1442 3006 1491 3072 73.
1540 2992 1588 3054 Ea

297 3112 416 3177 autem,
442 3122 525 3186 quae
548 3101 660 3176 Venus
682 3098 726 3160 ira
748 3117 900 3178 percussa
923 3098 963 3159 id.
990 3100 1011 3165 Ι,
1036 3116 1087 3180 97.
1113 3103 1165 3179 98.
1192 3101 1224 3161 in
1246 3100 1454 3198 Daphnidem
1479 3102 1585 3176 iactat,

273 3208 494 3297 'explicantur
516 3232 578 3277 vss.
610 3222 679 3290 105.
706 3226 807 3288 seqq..
832 3227 970 3288 quorum
993 3230 1106 3276 sensus
1131 3220 1181 3274 est
1202 3210 1269 3276 hic:
1295 3210 1345 3273 Tu
1370 3211 1501 3292 quidem
1526 3213 1588 3276 dea

406 3396 423 3466 ¹)
443 3398 537 3453 Eorum
556 3397 598 3460 qui
617 3396 649 3445 de
668 3394 810 3459 Daphnidis
831 3395 916 3444 sabula
935 3405 1038 3460 egerunt
1057 3405 1193 3447 memoratu
1213 3397 1354 3462 dignissimi
1378 3404 1436 3445 sunt
1454 3397 1492 3444 hi:
1522 3397 1586 3445 Dav.

293 3493 345 3557 Jac.
368 3507 417 3540 van
436 3491 540 3555 Lenuep
566 3487 709 3554 (comment.
730 3487 789 3536 lnst.
811 3487 882 3553 Belg.
906 3488 976 3537 classv
1002 3489 1048 3538 111.
1079 3497 1138 3538 tom.
1166 3490 1212 3539 Ill.
1236 3489 1308 3538 1820.
1336 3506 1360 3554 p.
1385 3489 1440 3548 176.
1466 3488 1487 3550 J.
1508 3489 1535 3536 P.
1556 3489 1586 3538 E.

297 3584 426 3634 Gr'everus.
448 3582 538 3632 Kleine
557 3583 678 3645 Beytrttge
697 3587 742 3628 etc.
768 3578 840 3642 1830.
860 3580 893 3628 ad
912 3580 945 3628 id.
966 3581 985 3629 I.
1009 3581 1067 3634 126.
1104 3582 1150 3631 Ed.
1169 3583 1272 3647 Jacobi:
1292 3582 1525 3630 Handwdrterbnch
1545 3582 1590 3630 der

296 3677 389 3742 griech.
409 3693 433 3724 u.
452 3679 514 3724 rdm.
535 3673 698 3738 Mythologie.
720 3672 828 3736 Koburg
846 3688 869 3720 u.
890 3673 974 3738 Leipz.
993 3671 1067 3737 1835.
1080 3676 1128 3724 vol.
1143 3675 1161 3724 l.
1176 3692 1201 3739 p.
1218 3687 1276 3724 222.
1291 3691 1359 3739 seqq.
1380 3673 1422 3740 (cf.
1442 3674 1491 3724 alia
1509 3675 1590 3724 lexica

297 3768 446 3834 mytholog.)
467 3767 499 3817 N.
519 3766 600 3816 Baeh:
634 3764 747 3814 Philetae
767 3763 826 3824 Coi,
850 3765 1061 3816 Hermesianactis
1080 3775 1125 3817 etc.
1145 3768 1263 3834 reliquiae
1282 3768 1321 3816 ed.
1342 3767 1414 3816 Halis
1433 3766 1489 3816 Sax.
1514 3765 1589 3829 1839.

294 3878 319 3926 p.
339 3872 381 3922 91.
401 3875 469 3923 seqq.
507 3859 599 3907 Ameis.
622 3858 646 3906 in
675 3857 870 3907 Zimmermanni
897 3859 978 3907 annal.
1012 3859 1086 3919 1842.
1120 3877 1145 3924 p.
1167 3873 1225 3908 202.
1264 3860 1294 3916 L,
1317 3859 1485 3910 Doederlein:
1507 3860 1588 3908 Lectt.

295 3952 466 4013 Theocriteae‚
487 3952 588 4015 Erlang.
617 3950 689 4012 1843.
709 3969 734 4016 p.
755 3963 778 4013 3.
798 3967 866 4015 seqq.
899 3953 929 3999 A.
945 3951 1075 4002 Meinelre:
1096 3953 1178 4000 Anall.
1200 3953 1269 4002 Alex.
1290 3951 1370 4003 Berol.
1395 3949 1465 4013 1843.
1488 3968 1512 4016 p.
1529 3961 1591 4015 250.

295 4043 324 4093 C.
343 4044 382 4094 Fr.
404 4044 548 4096 Hermann:
584 4044 624 4093 De
659 4044 797 4110 Daphnide
824 4043 973 4093 Theocriteo
1002 4043 1071 4096 Gott.
1104 4043 1177 4108 1853.
1205 4044 1310 4092 Ahrens.
1339 4043 1364 4091 in
1386 4043 1511 4108 Philolog.
1530 4043 1590 4092 Vll.

295 4149 354 4197 414.
375 4152 426 4201 seq.
464 4135 587 4186 Weleker.
617 4152 702 4202 opusc.
731 4136 751 4184 Ι.
771 4153 798 4202 p,
823 4134 879 4187 188.
908 4153 978 4201 seqq.
1007 4135 1051 4204 (de
1070 4133 1229 4204 Stesichoro.)
1261 4135 1474 4184 1.Hau1er.1.1.
1500 4152 1526 4201 p.
1546 4145 1592 4198 45.

296 4229 440 4279 Buecheler.
459 4229 485 4277 in
501 4229 574 4292 Jahn.
605 4229 692 4279 annal.
719 4227 792 4278 1860.
812 4247 836 4294 p.
858 4240 917 4292 359.
955 4230 985 4278 0.
1006 4229 1152 4280 Kreussler:
1169 4229 1265 4278 observ.
1281 4228 1307 4276 io
1325 4227 1430 4277 Theocr.
1450 4243 1549 4277 carmen
1569 4227 1591 4278 1.

296 4321 409 4371 Misenae
431 4320 506 4383 1863.
525 4337 550 4386 p.
578 4333 616 4372 to.
654 4321 771 4370 Calculos
789 4321 933 4371 utilissimos
956 4321 1100 4371 adiecerunt
1120 4320 1243 4370 Gebaner.
1264 4321 1280 4368 l.
1300 4319 1317 4368 l.
1343 4319 1428 4370 Holm.
1448 4320 1465 4368 l.
1486 4320 1503 4368 l.
1529 4320 1593 4368 Rib-

295 4413 367 4463 beelr.
381 4413 396 4464 l.
411 4412 427 4462 l.
441 4413 565 4462 Klausen:
586 4415 683 4463 Aeneas
696 4415 748 4462 und
760 4414 800 4463 die
819 4414 937 4464 Penaten.
951 4414 971 4463 Ι.
985 4431 1009 4480 p.
1025 4413 1083 4477 518.
1097 4429 1167 4477 seqq.
1187 4411 1292 4462 Rohde:
1313 4411 1364 4461 Der
1382 4413 1475 4478 griech.
1488 4413 1592 4464 Roman

296 4515 342 4556 etc.
356 4523 381 4571 p.
395 4504 455 4567 498.
476 4511 502 4555 ut
515 4506 628 4555 omittam
647 4522 691 4556 eos
709 4507 751 4570 qui
771 4506 907 4572 peculiares
919 4505 997 4555 libros
1015 4506 1047 4555 de
1061 4505 1216 4571 mythologie
1234 4521 1270 4570 gr.
1290 4505 1447 4570 scripserunt.
1475 4505 1591 4568 Quorum

295 4597 426 4664 opiniones
453 4614 502 4665 ego
530 4614 611 4664 neque
630 4599 755 4648 excribere
782 4607 806 4648 et
835 4598 983 4648 adumbrare
1012 4614 1094 4664 neque
1117 4597 1265 4662 singillatim
1282 4598 1388 4648 refutare
1412 4606 1455 4649 aut
1477 4613 1595 4664 compro·

296 4693 354 4741 bare
373 4692 438 4740 volo.
