3500 5498
832 493 875 555 49

206 684 352 748 Bacchus
377 687 578 766 gratissimus
602 695 670 748 erat
694 688 782 762 deuS,
808 689 928 770 quippe
952 690 1080 772 quires
1103 692 1261 753 secundas
1294 700 1326 753 et
1349 691 1501 752 adversas

204 797 287 858 sicut
309 797 408 859 bomo
432 797 621 860 sustulisset.
669 797 760 859 Haec
784 808 870 860 certe
892 819 989 862 causa
1025 801 1204 862 commovit
1240 801 1336 862 etiam
1360 800 1501 862 Pisistra-

203 916 283 980 tum,
318 927 392 968 cum
416 908 533 970 Bacchi
557 904 678 971 cultum
707 918 843 989 augeret
866 919 899 972 et
933 911 984 972 dei
1016 919 1158 972 statuam
1188 911 1352 993 publicam
1380 911 1423 972 ad
1452 911 1501 972 sui

204 1018 443 1079 similitudinem
468 1019 582 1080 confici
607 1028 740 1091 curaret,
766 1029 801 1080 ut
824 1019 868 1080 ita
891 1020 1148 1082 dominationem
1170 1040 1262 1082 suam
1285 1019 1497 1082 confirmaret.

206 1127 340 1210 (Athen.
365 1129 434 1194 XII.
463 1143 533 1208 533.
560 1133 609 1213 c).

630 1365 674 1436 ll.
730 1367 789 1438 De
815 1369 956 1462 idyllio
983 1367 1062 1442 Vll.

310 1540 439 1621 Quanta
463 1540 561 1621 idyllii
586 1541 653 1602 Vll.
669 1542 885 1621 pulchritudo,
904 1553 1025 1624 quanta
1041 1546 1184 1608 omnium
1202 1565 1285 1627 quae
1305 1564 1344 1605 eo
1369 1564 1496 1606 narran-

202 1660 253 1712 tur
275 1662 437 1727 venustas,
461 1660 552 1712 tanta
575 1651 752 1713 obscuritas
775 1661 969 1742 tantaequae
993 1656 1251 1728 tenebraesunt,
1278 1675 1361 1735 quae
1387 1655 1415 1715 ei
1441 1655 1495 1716 ob·

203 1762 329 1834 sistunt,
347 1764 400 1843 qui
418 1763 472 1823 ubi
489 1771 630 1842 agantur.
643 1781 702 1835 res,
727 1764 782 1843 qui
799 1764 861 1824 sint
882 1765 950 1838 viri,
975 1767 1028 1847 qui
1053 1766 1085 1826 in
1108 1784 1147 1825 eo
1169 1765 1338 1846 prodeant,
1364 1764 1496 1845 quando

202 1873 244 1932 sit
267 1873 420 1951 scriptum
444 1892 609 1934 carmena
630 1872 805 1934 Theocrito
830 1884 973 1953 quaerat.
1020 1874 1212 1938 Rectissime
1241 1875 1326 1936 enim
1344 1871 1495 1937 Heinsius

203 1981 288 2066 (lect.
321 1981 484 2043 Theocrit.
516 2001 547 2061 p.
582 1985 666 2065 335.)
703 1985 845 2046 omnium
886 1984 1071 2064 eclogarum
1103 1985 1185 2046 hanc
1221 1985 1393 2063 septimam
1424 2005 1494 2046 esse

204 2093 348 2171 reginam
373 2102 423 2153 est
449 2091 615 2166 »lacteam
646 2095 762 2173 quovis
786 2095 878 2156 melle
903 2094 1109 2168 dulciorem«,
1143 2093 1307 2176 scripsisse
1332 2095 1388 2156 tibi
1412 2094 1496 2156 vide·

203 2202 297 2273 bitur,
323 2222 397 2262 cum
422 2212 544 2282 quanto
566 2219 677 2264 amore
700 2204 834 2266 insulam
860 2203 939 2274 Con,
973 2225 1058 2284 quae
1086 2207 1154 2268 eius
1180 2207 1394 2278 iuventutem,
1420 2207 1495 2267 ami·

202 2333 313 2374 corum
338 2312 826 2386 consuetudinemcarissimam,
852 2336 980 2376 auream
999 2316 1083 2378 illam
1099 2317 1185 2378 vitae
1201 2325 1342 2378 aetatem
1360 2316 1493 2388 viderat,

201 2421 395 2483 Theocritus
418 2421 566 2497 celebret,
593 2433 711 2504 quanta
736 2425 856 2487 laetitia
887 2445 999 2487 eorum
1030 2446 1174 2488 amorem
1208 2435 1366 2498 mutuum,
1397 2426 1495 2506 quia

203 2534 308 2611 prima
325 2535 490 2595 iuventute
507 2533 667 2595 amicitiae
691 2535 818 2598 vinculo
842 2537 1002 2598 artissime
1024 2537 1184 2598 coniuncti
1206 2544 1303 2607 erant,
1323 2536 1492 2608 describat,

203 2654 359 2722 quantam
396 2644 536 2724 denique
567 2652 671 2705 totum
700 2665 831 2707 carmen
860 2647 962 2728 spiret
997 2646 1200 2719 bilaritatem,
1227 2655 1352 2708 attento
1384 2646 1493 2708 animo

201 2755 393 2835 perceperis
443 2753 508 2818 Sed
532 2774 606 2816 eum
630 2757 730 2816 totius
753 2757 903 2818 carminis
920 2757 1126 2838 splendorem
1142 2756 1205 2818 hoc
1222 2756 1294 2818 loco
1310 2756 1494 2818 describere

199 2873 233 2925 et
256 2865 419 2945 explicare
443 2866 475 2926 in
498 2866 607 2926 animo
631 2865 708 2926 mihi
725 2885 790 2926 non
807 2874 874 2931 est:
900 2888 1054 2948 quaerere
1079 2867 1156 2928 mihi
1171 2857 1338 2948 proposui,
1356 2867 1492 2947 possint-

200 2994 241 3034 ne
264 2973 418 3037 tenebrae
440 2995 521 3056 quas
546 2975 611 3036 dixi
637 2976 743 3055 aliquo
768 2977 866 3038 modo
890 2977 1008 3039 revolvi
1033 2987 1065 3039 et
1090 2976 1205 3059 repelli.

305 3085 341 3146 ln
365 3087 554 3166 quaestione
577 3095 685 3147 autem
709 3086 750 3147 de
772 3087 853 3155 loco,
886 3088 940 3148 ubi
972 3099 1108 3168 agantur
1139 3107 1198 3160 res,
1236 3087 1386 3166 equidem
1418 3107 1491 3148 cum

196 3193 307 3256 scholl.
332 3194 514 3257 laciendum
538 3215 609 3257 esse
642 3216 768 3268 cense0,
803 3197 856 3277 qui
884 3199 1074 3260 testimoniis
1103 3199 1191 3278 large
1223 3197 1325 3259 allatis
1355 3196 1491 3258 insulam

142 3336 145 3348 ·
197 3303 267 3368 Con
293 3295 556 3386 designaverunt:
583 3305 619 3366 cl.
645 3316 775 3387 praeter
798 3301 899 3370 ὑπόθ.
925 3307 1016 3370 schol
1039 3309 1081 3368 ad
1098 3329 1143 3369 vs.
1165 3325 1195 3370 1:
1222 3301 1329 3382 Ἀλεύς
1353 3299 1373 3392 ἢ
1394 3307 1492 3394 δῆμος

196 3417 256 3500 τῆς
278 3418 337 3478 Κῶ
350 3464 444 3482 .....
469 3407 613 3500 ἢτόιιος
635 3414 670 3478 ἐν
693 3419 761 3499 Κῷ.
787 3418 828 3478 ad
859 3437 904 3478 vs
933 3431 958 3494 5.
982 3439 1027 3478 vs.
1053 3419 1084 3483 6.
1108 3418 1248 3479 Burinna
1273 3417 1344 3479 lons
1368 3417 1488 3479 insulae

198 3524 275 3586 Cois
299 3525 500 3598 clarissimus
525 3545 623 3608 quem
646 3537 756 3588 nostra
780 3536 885 3590 aetate
909 3529 1030 3589 invenit
1053 3529 1089 3590 L.
1114 3527 1208 3592 Rosa
1226 3530 1259 3608 ¹),
1276 3581 1279 3594 ,
1294 3528 1486 3590 nominatur.

194 3636 237 3697 ad
259 3655 305 3701 vs.
335 3653 390 3698 10:
426 3630 444 3698 ὁ
474 3637 637 3717 Βρασίλας
666 3639 771 3719 Κῷος.
800 3638 841 3698 ad
866 3657 911 3698 vs.
936 3639 995 3714 46:
1030 3632 1217 3721 Ὠρομὲόων
1247 3635 1335 3700 ἐστὶν
1358 3632 1433 3720 ὄρος
1454 3635 1490 3700 ἓν

196 3747 265 3828 in.
282 3747 323 3808 ad
340 3767 420 3812 vers
429 3764 439 3807 1
448 3763 503 3824 30:
517 3745 610 3828 Πύξα
624 3746 722 3828 δῆμος
733 3749 791 3831 τῆς
804 3747 860 3809 Κῶ
872 3742 937 3811 xri.
972 3747 1063 3827 Quas
1075 3749 1119 3808 ob
1132 3766 1246 3808 causas
1260 3745 1298 3812 G.
1311 3747 1489 3820 Hermanni

196 3855 306 3934 opinio
334 3856 457 3938 (opusc.
482 3855 521 3918 V.
552 3879 583 3938 p.
617 3859 693 3938 78.),
718 3858 773 3939 qui
797 3878 846 3918 res
870 3856 965 3919 huius
997 3857 1144 3919 carminis
1174 3857 1203 3918 in
1229 3856 1372 3918 Lucania
1401 3869 1488 3920 actas

195 3985 267 4027 esse
290 3968 411 4040 statuit,
437 3966 596 4028 reicienda
621 3977 686 4032 est:
712 3967 750 4029 cl.
776 3966 914 4029 Meinek.
939 3968 988 4028 ed.
1015 3989 1046 4050 p.
1074 3982 1146 4046 245.

301 4077 352 4136 De
375 4086 523 4155 tempore
547 4086 667 4150 autem,
693 4098 758 4159 quo
782 4086 877 4139 actae
900 4078 962 4140 sint
986 4098 1035 4139 res
1060 4077 1123 4139 hoc
1147 4077 1287 4140 carmine
1310 4086 1484 4152 enarratae,

194 4185 293 4247 schol.
319 4187 400 4248 haec
424 4187 592 4248 adnotavit
617 4189 755 4270 (argum,
782 4187 821 4248 id.
846 4187 945 4271 Vll.):
971 4185 1166 4270 ἐπιδημήσας
1188 4189 1230 4269 τῇ
1252 4187 1342 4270 νήσῳ
1366 4181 1383 4250 ὁ
1409 4183 1486 4251 Θεό.

194 4318 316 4380 κριτος,
341 4290 395 4360 ὅτε
428 4295 511 4380 πρὸς
541 4300 743 4379 Πτολεμαῖον
771 4297 816 4371 εἰς
834 4293 1074 4381 Ἀλεξάνδρειαν
1101 4292 1207 4379 ἀπῄει,
1231 4297 1326 4377 φίλος
1347 4296 1488 4382 κατέστη

199 4405 399 4490 Φρασιδάμῳ
420 4409 474 4470 καὶ
486 4401 655 4490 Ἀντιγένει
673 4405 864 4480 Λυκωπέως
887 4407 935 4488 (al.
954 4406 1148 4492 Λυκωρέως)
1165 4403 1255 4481 υἱοῖς.
1271 4407 1326 4470 καὶ
1340 4408 1483 4491 κληθεὶς.

309 4586 325 4654 ¹)
345 4586 383 4635 ef.
403 4588 501 4652 ephem.
521 4588 678 4650 archaeolog.
698 4603 720 4635 a.
744 4585 818 4650 1850.
838 4603 862 4636 n.
882 4587 964 4636 XXII.
1002 4587 1030 4636 P.
1049 4587 1088 4635 W.
1109 4587 1324 4648 Forchhammer:⁴
1339 4587 1485 4644 Daduchos.

193 4675 261 4724 Kiel.
285 4674 361 4743 1875.
379 4676 404 4723 in
425 4675 465 4724 lin.
