3500 5498
954 513 996 576 30

861 588 1072 603 -,......-.-,..

319 711 466 774 sulficere
490 711 519 774 ei
542 732 605 774 non
628 709 813 782 videantur,
838 711 879 774 ad
904 709 1138 776 cavillationes:
1175 713 1355 785 »miseram
1379 711 1489 792 Inquit,
1515 709 1620 791 supel-
1723 737 1724 758 r

321 822 459 914 lectilenr¹
482 832 636 903 tanquam
667 821 706 883 in
738 821 881 885 tabula
911 821 1171 884 auctionarIa
1201 823 1245 884 ita
1268 823 1300 884 in
1324 831 1500 904 conspectu
1525 821 1621 902 ponit
1723 857 1724 862 .

321 935 460 1015 (poeta),
487 943 521 994 ut
544 933 656 994 credas
680 932 765 994 hunc
786 941 890 994 terrae
914 931 1012 994 silium
1037 950 1127 993 more
1157 931 1298 994 hominis
1323 931 1504 994 umbratilis
1529 929 1620 992 istius
1723 901 1724 924 l

321 1042 409 1104 modi
434 1043 632 1124 piscatorum
657 1042 784 1123 tuguria
806 1062 847 1104 eo
870 1043 941 1120 Ipso
957 1041 1100 1112 consilio,
1124 1051 1159 1104 ut
1175 1042 1321 1114 haberet,
1344 1043 1434 1124 quod
1451 1049 1618 1104 enarraret

320 1153 410 1216 etad
427 1153 594 1214 veritatem
612 1172 676 1214 non
693 1160 817 1233 gratam
833 1152 1017 1225 adduceret,
1035 1151 1151 1214 adiisse
1168 1161 1201 1214 et
1212 1151 1326 1216 sedulo
1340 1151 1616 1234 perlustravisse‹.

319 1262 385 1326 Sed
409 1262 471 1326 hoc
494 1271 543 1324 est
565 1261 746 1344 idylliorum
772 1270 815 1333 ut,
840 1262 932 1325 sicuti
956 1263 1098 1344 pictores
1122 1261 1235 1324 Batavi
1269 1264 1379 1325 omnia
1402 1272 1501 1343 atque
1532 1261 1615 1322 adeo

318 1373 532 1436 minutissIma
554 1393 682 1435 summa
698 1372 862 1453 diligentia
886 1372 1061 1453 depingere
1085 1371 1240 1444 solebant,
1266 1374 1364 1435 etiam
1382 1372 1502 1434 leviora
1518 1371 1618 1440 omni,

318 1504 394 1546 cura
428 1483 735 1564 diligentissimeque
770 1483 919 1564 exposita
955 1491 987 1544 et
1021 1481 1175 1544 illustrata
1210 1484 1391 1547 ostendant.
1443 1481 1559 1545 Statim
1588 1502 1616 1571 s·

318 1595 455 1676 Iegirnus
478 1615 535 1658 eos
558 1615 668 1674 gersus
692 1593 888 1675 piscatorum
912 1593 1076 1672 tugurium
1106 1592 1188 1654 exile
1221 1594 1321 1656 oculis
1355 1594 1471 1656 nostris
1504 1593 1604 1654 obver

318 1714 408 1768 satur
437 1705 601 1786 animique
633 1706 677 1766 ita
704 1713 962 1781 componuntur,
1000 1711 1035 1764 ut
1064 1703 1152 1783 apud
1182 1723 1239 1764 eos
1271 1724 1330 1767 nos
1362 1703 1562 1766 commorari
1586 1711 1618 1765 et

318 1816 466 1878 laborum
490 1834 704 1896 curarumque
722 1813 827 1876 socios
855 1823 888 1875 et
903 1812 1076 1894 participes
1104 1833 1175 1875 esse
1191 1813 1360 1875 credamus
1378 1815 1409 1895 ¹).
1448 1813 1615 1892 Respicias

319 1922 440 2004 reliqua
463 1920 585 2001 idyllia:
621 1941 749 2002 semper
772 1932 905 2004 poetam
929 1924 1191 1988 commodissime
1216 1944 1276 1986 nec
1302 1933 1412 1998 tamen
1435 1923 1540 1986 otiose
1564 1923 1617 1984 vel

316 2031 432 2112 frigide
455 2031 525 2094 loca
542 2041 573 2094 et
590 2032 792 2095 conditiones
809 2034 1041 2124 depingentem
1058 2034 1209 2096 invenies.
1248 2033 1422 2098 Sescentae
1440 2042 1610 2116 praeterea

324 2142 474 2204 stabulae
507 2142 741 2205 auctionariae‹
779 2144 809 2205 in
847 2143 981 2206 Homeri
1018 2144 1212 2206 carminibus
1245 2145 1461 2208 inveniunturl
1499 2143 1613 2226 Itaque

320 2273 385 2315 non
407 2252 502 2314 video
526 2273 582 2316 cur
605 2273 679 2314 cum
696 2253 871 2334 Fritzschio
885 2251 910 2335 ²)
932 2252 996 2316 hoc
1018 2253 1160 2334 idyllium
1176 2253 1352 2316 Theocrito
1369 2254 1613 2327 abiudicemus;

320 2363 475 2426 sermonis
502 2383 580 2425 sane
604 2372 653 2425 est
683 2383 786 2444 genus
820 2362 987 2436 humilius,
1017 2363 1076 2426 sed
1108 2371 1196 2427 recte
1213 2365 1278 2444 Jac.
1304 2361 1481 2446 Geringll:
1521 2363 1617 2444 ,quid

322 2474 416 2546 enim,
442 2473 558 2556 inquit,
590 2473 728 2536 sublime
751 2481 912 2554 nugantes
936 2472 1142 2554 loquerentur
1166 2473 1206 2536 illi
1231 2473 1449 2554 piscatoreslr
1491 2471 1617 2536 Summi

321 2593 408 2646 certe
439 2592 557 2664 poetae
585 2592 651 2656 est,
686 2584 774 2665 quod
805 2603 912 2646 sermo
943 2582 1230 2657 homunculorum,
1260 2603 1344 2664 quos
1367 2582 1614 2646 confabulantes

321 2693 406 2766 tecit,
431 2693 545 2756 animis
567 2703 599 2756 et
622 2693 861 2756 conditionibus
884 2692 979 2775 plane
1002 2693 1192 2776 respondet:
1217 2695 1335 2775 itaque,
1362 2703 1396 2756 ut
1419 2694 1459 2756 sit
1487 2712 1613 2756 ,sermo

321 2824 416 2886 asper
439 2814 472 2866 et
494 2805 661 2884 spinosus«
677 2804 714 2886 ⁴),
740 2803 822 2866 haec
845 2823 942 2866 causa
967 2823 1031 2867 non
1061 2824 1132 2866 esse
1156 2813 1283 2885 potest,
1318 2815 1374 2866 c‘ur
1396 2804 1460 2867 hoc
1484 2824 1616 2868 carmen

321 2916 351 2978 in
375 2915 490 2996 spuriis
514 2913 709 2978 collocemus
723 2911 759 2995 ⁵).

426 3025 534 3087 Etiam
549 3043 679 3088 carmen
699 3023 813 3088 XXIII.
831 3018 981 3106 Ἐραστής
1005 3023 1194 3104 inscriptum
1212 3023 1389 3088 Meinekius
1405 3033 1492 3086 reete
1508 3023 1615 3088 Theo·

321 3135 401 3199 crito
435 3134 625 3201 vindicavit:
658 3135 700 3197 de
733 3134 910 3207 codicibus
945 3133 999 3215 qui
1034 3134 1098 3198 hoc
1132 3154 1263 3196 carmen
1296 3144 1409 3216 aperte
1437 3133 1616 3198 Theocrito

321 3245 481 3318 tribuant,
515 3243 552 3306 cI.
578 3245 718 3310 Ahreus.
743 3253 822 3307 tom.
847 3244 870 3306 I.
896 3264 927 3325 p.
955 3260 1028 3323 230.
1075 3243 1217 3327 Copiose
1247 3223 1355 3308 autem
1388 3244 1452 3308 hoc
1485 3263 1617 3306 carmen

321 3339 487 3436 indignum
511 3375 581 3417 esse
604 3353 781 3416 Theocrito
804 3353 1014 3416 Reinholdius
1045 3354 1063 3416 l.
1089 3354 1105 3416 l.
1131 3374 1163 3434 p.
1193 3357 1242 3434 58.
1273 3375 1364 3436 seqq.
1397 3354 1615 3436 comprobare

321 3465 459 3528 studuit:
494 3465 649 3546 scriptum
677 3485 748 3526 esse
776 3464 843 3527 vult
878 3485 916 3526 »a
946 3463 1176 3538 versificatore,
1211 3464 1414 3528 Theocritica
1438 3464 1614 3537 lectitante,

321 3575 408 3637 haud
431 3574 610 3655 Ingenioso,
639 3575 694 3656 qui
719 3575 861 3656 idyllium
880 3575 944 3648 ΙΙΙ.,
969 3574 1010 3636 ad
1026 3575 1117 3637 cuius
1133 3575 1375 3638 sImilitudinem
1398 3583 1500 3636 artem
1524 3593 1617 3636 suam

431 3787 449 3856 ¹)
469 3791 616 3840 Rectissime
634 3790 730 3839 monuit
750 3807 771 3838 v.
786 3790 810 3840 d.
825 3791 909 3840 Bruun
939 3790 1033 3840 linire
1050 3790 1067 3838 I.
1083 3797 1185 3854 poetam
1203 3789 1251 3838 hoc
1269 3805 1369 3840 carmen
1381 3789 1490 3853 imagine
1502 3789 1615 3854 inspecta

321 3885 505 3950 composuisse:
532 3901 558 3948 p.
580 3898 596 3946 9
618 3927 624 3940 ,
643 3927 672 3940 ,,
696 3899 785 3934 »wenn
809 3884 854 3932 wir
871 3901 891 3932 z.
911 3885 939 3932 B.
967 3883 1008 3932 die
1033 3881 1200 3931 vaticanische
1218 3880 1305 3930 Statue
1329 3881 1397 3931 eines
1416 3881 1483 3932 alten
1501 3881 1616 3930 Fischers

321 3975 384 4041 (PCI
411 3976 456 4026 III.
479 3974 535 4043 32)
556 3975 600 4026 mit
619 3976 677 4025 dem
690 3975 858 4041 vergleichen,
889 3993 940 4026 was
962 3976 1024 4024 tiber
1042 3974 1092 4022 den
1110 3973 1211 4022 Fischer
1229 3973 1275 4022 aus
1291 3973 1385 4022 diesem
1398 3971 1503 4022 Gellisse
1523 3969 1618 4040 (poculi

321 4069 347 4117 id
375 4066 420 4136 1.),
450 4084 518 4117 was
545 4069 630 4116 aber
658 4068 748 4117 auch
777 4069 820 4118 im
848 4070 917 4118 XXI.
947 4066 1048 4132 Idyll
1076 4065 1166 4114 tiber
1195 4065 1258 4114 das
1285 4065 1465 4115 armliche
1492 4065 1619 4114 Leben

322 4161 384 4210 der
410 4161 564 4210 Fischer
590 4170 723 4226 gesagt
748 4161 852 4222 wird,
881 4178 909 4210 so
927 4161 958 4210 ist
975 4159 1042 4220 hier,
1070 4173 1121 4207 was
1141 4155 1226 4206 Poesie
1245 4157 1300 4206 und
1317 4173 1368 4217 was
1391 4139 1510 4206 bildende
1532 4155 1618 4206 Kunst

322 4255 451 4313 darbietet,
471 4253 624 4318 vollstdndig
642 4262 806 4318 congruente.
826 4255 858 4303 al.
1615 4305 1623 4322 .
1643 4235 1648 4246 ’

430 4343 449 4415 ²)
471 4345 607 4410 Comparat
631 4345 737 4396 Platenii
761 4361 861 4395 carmen
890 4346 953 4394 »Die
976 4343 1070 4394 Schirte
1095 4343 1142 4394 auI
1157 4341 1264 4407 Cuprir:
1294 4357 1359 4390 error
1376 4349 1430 4391 est:
1460 4340 1620 4390 scribendum

321 4447 389 4490 erat:
412 4439 476 4487 »Die
494 4439 651 4487 Fischer
669 4438 715 4487 auf
730 4438 833 4504 Capri«.

428 4529 449 4600 ³)
472 4531 519 4579 »de
536 4531 594 4581 stilo
613 4531 735 4581 Theocr.«
757 4547 781 4594 p.
803 4540 844 4592 27.
865 4529 936 4578 affert
958 4527 1077 4578 Fritzsch.

429 4621 450 4692 ⁴)
469 4623 497 4674 E.
510 4623 648 4678 ReInhold:
663 4623 694 4672 de
706 4622 822 4688 genuinis
830 4621 957 4672 Theocriti
971 4620 1122 4670 carmInibus
1134 4627 1158 4669 et
1172 4618 1346 4685 suppositIciis
1358 4617 1435 4681 Jenae
1450 4614 1524 4679 1819.
1536 4634 1562 4682 p.
1574 4618 1617 4682 65.

427 4713 448 4785 ⁸)
469 4715 508 4766 CI.
527 4717 603 4766 etiam
622 4731 686 4778 quae
705 4715 840 4780 disputarit
859 4716 888 4763 A.
908 4713 1031 4762 Wissowa
1049 4712 1065 4760 l.
1085 4712 1103 4761 l.
1122 4729 1151 4776 p.
1172 4723 1212 4774 32.
