3500 5498
620 530 920 612 ’,Β-3η.

163 728 215 789 Eo
239 725 325 789 enirn
349 725 538 806 explicatur,
564 747 622 788 cur
645 736 753 807 poeta,
785 747 984 808 quamquam
1007 745 1052 788 vs.
1081 742 1130 807 37.
1163 747 1197 788 se
1226 727 1391 788 Musarum
1415 749 1468 790 κα·

164 835 274 920 πυρὸν
297 834 400 918 στόμα
423 845 456 898 et
480 833 594 900 ἀοιδὸν
617 829 749 921 ἄριστον
772 837 926 919 appellari
958 837 1048 910 dixit,
1079 836 1204 898 Phileta
1229 845 1262 898 et
1287 834 1426 898 Sicelida
1442 837 1465 917 ¹)

164 947 274 1026 (scilic.
305 946 592 1028 praeceptoribus)
616 967 652 1024 se
675 949 778 1009 multo
814 947 996 1010 inferiorem
1030 967 1100 1008 esse
1131 946 1281 1009 modeste
1313 947 1472 1008 concedat

164 1058 275 1138 ltaque
299 1056 362 1118 hoc
386 1077 516 1139 quoque
545 1066 644 1138 patet,
679 1078 736 1119 eos
762 1059 847 1120 viros
877 1057 908 1119 in
940 1066 1009 1119 arte
1031 1057 1161 1138 poetica
1183 1057 1326 1139 inprimis
1350 1057 1455 1119 The-0-

164 1168 234 1229 criti
262 1155 359 1229 fuisse
384 1169 625 1249 'praeceptores
678 1168 789 1248 Atque
821 1168 861 1230 de
889 1167 1030 1229 Philetae
1057 1167 1188 1249 quidem
1222 1177 1329 1230 aetate
1359 1169 1455 1230 docte

88 1267 91 1276 ¹
164 1287 302 1359 egerunt
323 1278 391 1339 Nic.
427 1276 525 1350 Bach,
560 1277 612 1343 Fr.
636 1278 767 1352 Ritschl,
804 1277 933 1351 Hauler.
969 1277 1125 1360 delce²)
1159 1289 1287 1361 praeter
1320 1288 1458 1341 ceteros.

163 1387 303 1450 Bachius
329 1389 416 1449 »eius
440 1396 582 1450 aetatem
605 1389 720 1450 cadere
744 1389 827 1450 circa
850 1388 890 1452 ol.
905 1387 970 1450 CX.
994 1390 1049 1470 (z
1074 1386 1179 1466 ³⁴⁰s237.
1203 1409 1231 1451 a.
1250 1388 1323 1454 Chr.
1348 1391 1393 1470 n.)
1416 1391 1458 1451 ad

164 1497 262 1564 CXX.
287 1496 406 1580 (0001ε9τΙ
431 1517 458 1558 a.
483 1495 557 1558 Chr.
582 1498 647 1578 n.)‹
672 1499 793 1564 statuit.
840 1497 1033 1560 Ritschelius
1058 1519 1131 1560 eum
1156 1498 1196 1564 ol.
1214 1495 1317 1578 ¹⁰⁸l109.
1342 1498 1460 1582 (³⁴⁸lsn.

164 1630 192 1670 a.
216 1607 290 1671 Chr.
312 1609 358 1690 n.)
381 1616 491 1670 natum
508 1627 579 1669 esse
595 1606 672 1680 vult,
696 1607 884 1689 Koepkeius
902 1608 953 1688 (R.
971 1606 1118 1670 Schulzei
1135 1609 1176 1669 de
1194 1608 1461 1672 Hermesianacte

165 1719 389 1780 dissertatione
422 1717 523 1798 nisus)
559 1716 719 1779 Philetam
747 1718 822 1780 inde
852 1718 894 1779 ab
927 1718 966 1780 ol.
992 1722 1098 1799 ¹⁰⁸l109.
1123 1715 1242 1800 (³⁴⁸lrrr.
1268 1739 1297 1784 a.
1321 1719 1397 1785 Chr.
1421 1723 1466 1804 n.)

166 1829 207 1890 ad
231 1827 271 1892 ol.
295 1843 365 1906 123.
383 1847 484 1908 usque
509 1825 616 1908 (000135.
634 1847 661 1892 a.
680 1826 754 1892 Chr.
780 1830 824 1910 n.)
840 1829 959 1890 vixisse
976 1829 1191 1910 comprobare
1207 1829 1325 1894 studet.
1361 1830 1466 1893 Vides

167 1939 266 2018 igitur
288 1936 388 1998 hosce
410 1937 496 1998 viros
519 1937 637 1999 doctos
660 1938 701 1999 de
724 1947 832 2000 aetate
854 1937 996 2001 Philetae
1013 1938 1113 2000 ferme
1136 1940 1332 2006 consentire:
1360 1960 1465 2021 neque

168 2049 255 2109 enim
278 2047 354 2109 certi
377 2047 461 2120 anni,
485 2066 558 2108 cum
574 2055 645 2108 tota
664 2056 754 2110 aetas
777 2047 881 2110 nimiis
904 2048 1048 2110 involuta
1063 2048 1104 2114 sit
1118 2049 1269 2123 tenebris
1288 2049 1410 2112 definiri
1435 2059 1469 2111 et

166 2157 263 2219 statui
286 2165 432 2238 possunt.
482 2156 641 2220 Haulerus
665 2167 774 2219 autem
797 2157 953 2220 Bachium
980 2178 1131 2239 ›prorsus
1156 2156 1289 2220 salsum<
1314 2159 1466 2221 statuisse

168 2267 320 2340 iudicans,
345 2265 503 2329 Philetam
526 2267 568 2328 ab
587 2287 673 2329 anno
696 2266 761 2328 lere
779 2285 852 2346 340.
870 2269 912 2329 ad
930 2284 1004 2348 270.
1028 2288 1057 2334 a.
1076 2267 1135 2333 Ch.
1154 2289 1183 2333 n.
1201 2269 1319 2330 vixisse
1336 2278 1369 2331 et
1384 2270 1467 2331 circa

167 2396 288 2438 annum
308 2389 381 2455 295.
407 2397 434 2438 a.
453 2374 526 2438 Chr.
554 2397 582 2438 n.
610 2378 752 2440 maxime
774 2378 919 2440 floruisse
942 2387 975 2440 et
998 2388 1066 2440 tum
1091 2377 1248 2460 temporis
1273 2379 1466 2459 magistrum

165 2487 341 2549 Ptolemaei
355 2486 555 2566 Philadelphi
573 2486 669 2550 fuisse
686 2489 901 2569 comprobare
915 2487 1047 2552 studuit.
1081 2487 1147 2551 Sed
1163 2497 1365 2568 argumenta,
1383 2509 1467 2570 quae

167 2595 312 2679 protulit,
342 2595 420 2658 mihi
452 2617 516 2660 non
541 2607 779 2680 persuaserunt.
835 2597 919 2658 Nam
951 2598 1040 2678 quod
1070 2598 1198 2680 scripsit
1225 2598 1468 2680 Philadelphum

169 2706 312 2769 Philetae
335 2706 503 2788 disciplina
520 2707 578 2768 nisi
602 2708 632 2768 in
655 2708 766 2789 primis
789 2707 951 2769 literarum
976 2709 1164 2770 rudimentis
1181 2708 1226 2771 uti
1242 2729 1307 2770 non
1323 2710 1467 2791 potuisse

165 2817 191 2879 si
215 2826 409 2899 praeceptor
431 2837 460 2880 a.
485 2833 560 2895 300.
583 2837 610 2878 a.
635 2816 709 2881 Chr.
733 2838 764 2882 n.
788 2817 851 2878 iam
875 2818 1067 2880 decessisset
1089 2826 1212 2879 rectum
1236 2827 1323 2879 certe
1345 2827 1411 2880 est:
1436 2828 1470 2880 at

165 2926 287 2989 Bachio
311 2927 419 2988 circa
441 2925 479 2987 ol.
505 2942 573 2988 120.
600 2926 719 3009 (³⁰⁰lsor.
738 2947 766 2988 a.
785 2925 858 2989 Chr.
880 2929 925 3009 n.)
948 2927 1110 2989 Philetam
1126 2936 1289 2989 mortuum
1306 2949 1376 2990 esse
1394 2948 1465 3010 pro-

167 3036 275 3099 babile
299 3037 402 3099 visum
428 3046 498 3118 est;
523 3057 587 3098 non
610 3046 733 3098 certum
749 3057 869 3098 annum
887 3037 1018 3099 definire
1041 3038 1149 3100 voluit.
1189 3037 1283 3116 Quae
1299 3046 1468 3119 praeterea

167 3148 208 3208 de
230 3146 394 3209 Theocriti
417 3156 524 3209 aetate
546 3146 672 3208 addidit
693 3145 835 3218 Hauler.,
869 3147 927 3208 nisi
952 3147 1068 3209 circulo
1092 3147 1211 3210 vitioso
1237 3149 1281 3209 uti
1306 3148 1465 3222 volumus,

167 3257 328 3319 reicienda
352 3267 435 3330 sunt,
462 3256 537 3338 quia
551 3255 716 3318 Theocriti
738 3264 828 3317 aetas
852 3256 950 3337 ipsius
966 3256 1108 3319 Philetae
1132 3266 1261 3338 praeter
1283 3267 1466 3321 ceterorum

167 3376 275 3427 aetate
298 3365 399 3428 artius
416 3366 707 3428 circumscribenda
731 3375 789 3431 est.
836 3366 980 3428 Tertiam
998 3387 1130 3428 causam
1153 3367 1247 3448 petiit
1269 3367 1398 3430 Hauler.
1424 3368 1466 3431 ab

166 3484 273 3537 aetate
289 3475 397 3542 Arati:
422 3477 508 3540 hunc
530 3477 615 3537 enim
631 3473 774 3536 Philetae
798 3476 913 3557 (b'iogr.
938 3476 1086 3559 testibus)
1109 3476 1278 3557 aequalem
1295 3477 1467 3558 Antigono

167 3583 297 3648 Gonata
319 3606 397 3666 rege
420 3587 475 3669 (ab
499 3606 526 3647 a.
555 3573 627 3665 278.
653 3584 705 3645 vel
728 3585 801 3665 276.
827 3586 869 3647 ad
894 3602 967 3661 240.
985 3608 1012 3649 a.
1037 3586 1111 3649 Chr.
1136 3589 1181 3669 n.)
1205 3587 1367 3661 floruisse;
1393 3587 1467 3649 inde

165 3695 336 3776 probabile
358 3697 458 3777 sequi,
484 3695 641 3757 Philetam
663 3695 705 3756 ad
729 3710 802 3774 270.
825 3715 854 3760 a.
878 3695 953 3761 Chr.
978 3717 1008 3759 n.
1031 3697 1150 3759 vixisse
1176 3706 1209 3760 et
1232 3697 1315 3758 circa
1337 3716 1364 3757 a.
1393 3711 1467 3775 295.

163 3824 192 3870 a.
217 3803 292 3866 Chr.
320 3825 349 3870 n.
375 3805 516 3866 maxime
538 3805 693 3867 floruisse.
720 3842 761 3850 -
779 3804 875 3866 Hanc
897 3806 1057 3868 rationem
1074 3807 1226 3888 equidem
1245 3805 1377 3868 laudare
1402 3827 1467 3868 non

164 3933 308 3995 possum.
358 3911 548 3975 Cavendum
571 3915 658 3976 enim
681 3914 825 3995 inprimis
849 3923 906 3987 est,
934 3935 973 3978 ne
990 3915 1234 3978 scholiastarum
1251 3915 1358 3976 verbis
1375 3915 1467 3998 συνή-

163 4029 274 4106 κμαζε,
300 4021 468 4106 ἰσόχρονος
493 4032 525 4085 et
548 4024 617 4085 sim.
644 4025 777 4088 nimium
801 4026 930 4107 pondus
960 4025 1158 4092 tribuamus:
1189 4025 1362 4104 designant
1386 4044 1466 4087 sem·

165 4153 223 4215 per
239 4132 470 4214 aequalitatem
487 4132 582 4196 latius
599 4143 776 4216 patentem,
795 4136 839 4197 ita
856 4146 890 4197 ut
914 4135 1146 4198 adolescentuli
1160 4135 1249 4197 haud
1266 4154 1338 4197 raro
1354 4155 1468 4197 senum

165 4251 271 4305 aetate
293 4243 392 4322 longe
414 4253 644 4324 provectorum
675 4245 827 4326 aequales
856 4247 1066 4328 appellentur.
1115 4247 1214 4326 Quod
1242 4245 1339 4325 igitur
1361 4233 1466 4308 Phile·

275 4440 292 4510 ¹)
312 4443 352 4492 De
371 4444 446 4492 huius
465 4445 622 4508 cognominis
641 4445 702 4509 orig.
723 4445 755 4494 es.
776 4445 854 4495 schol.
875 4445 931 4495 Vll.
952 4460 994 4506 40.

272 4533 292 4604 ²)
313 4535 351 4586 Cl.
372 4537 485 4585 Philetae
504 4536 550 4585 Coi
569 4545 600 4586 ct.
620 4537 663 4586 rel.
683 4538 722 4588 ed.
744 4539 777 4589 N.
793 4540 872 4590 Bach.
894 4556 919 4604 p.
933 4539 957 4588 6.
993 4540 1033 4588 Fr.
1048 4539 1172 4588 Ritschl.:
1192 4539 1241 4588 Die
1260 4537 1324 4589 alex.
1344 4537 1458 4589 Biblioth

164 4628 265 4678 Breslau
289 4627 362 4689 1838.
383 4628 494 4694 append.
514 4628 533 4677 I.
553 4629 584 4678 cf.
605 4646 691 4695 opusc.
713 4631 762 4680 vol.
781 4631 801 4679 I.
839 4631 943 4682 Hauler.
962 4632 978 4682 l.
997 4632 1014 4680 l.
1034 4647 1059 4699 p.
1080 4630 1102 4679 8.
1134 4632 1242 4699 delre:
1265 4629 1306 4678 De
1326 4629 1394 4677 Arati
1413 4630 1458 4679 So-

165 4719 239 4769 lensis
258 4728 348 4770 aetate.
368 4737 452 4787 progr.
472 4720 565 4772 Guben
587 4720 663 4784 1867.
683 4740 710 4788 p.
728 4735 769 4772 20.
