3500 5498
784 505 822 571 57

699 582 908 592 ........--........

157 724 185 766 a.
211 707 284 784 265.
303 727 329 768 a.
349 705 425 768 Chr.
449 707 494 789 n.)
510 704 622 769 relicta
646 703 717 768 Con
745 705 848 779 rediit,
872 704 983 768 affines
1002 714 1035 767 et
1051 704 1222 769 familiares
1237 727 1313 770 suos
1328 709 1450 784 visum;

157 816 330 878 occasione
360 817 435 878 data
467 837 486 878 a
517 816 728 879 Phrasidamo
760 826 793 879 et
821 815 986 897 Antigene
1015 814 1057 877 ad
1080 814 1234 898 Thalysia
1256 817 1449 882 celebranda

156 945 231 986 cum
266 925 334 988 aliis
369 925 576 990 familiaribus
611 927 766 989 invitatus
800 935 866 1005 est3
902 945 987 989 anno
1021 935 1130 989 autem
1165 939 1238 1007 259.
1263 949 1291 992 a.
1316 927 1391 991 Chr.
1417 950 1446 993 n.

156 1036 383 1100 Alexandreae
405 1047 552 1101 versatus
574 1046 623 1100 est
648 1046 757 1120 poeta,
782 1037 891 1120 itaque
906 1057 1035 1100 carmen
1050 1037 1119 1099 VII.
1144 1037 1227 1101 inter
1249 1057 1352 1103 annos
1375 1041 1449 1120 265.

157 1157 190 1210 et
218 1161 288 1227 259.
313 1167 340 1209 a.
366 1147 438 1209 Chr.
465 1167 495 1210 n.
526 1149 814 1230 compositum
842 1158 914 1214 est.
949 1147 1025 1226 ,Pax
1047 1157 1156 1210 autem
1193 1147 1347 1212 factaest
1370 1151 1451 1214 inter

157 1279 252 1339 reges
274 1257 505 1332 Ptolemaeum,
540 1258 743 1324 Antiochum
766 1259 799 1329 1..
824 1259 1033 1340 Antigonum
1056 1278 1142 1322 anno
1159 1259 1233 1339 263.
1257 1279 1285 1326 a.
1310 1259 1382 1326 Chr.
1407 1281 1450 1334 n..

155 1369 202 1431 ita
225 1379 260 1431 ut
283 1368 396 1441 Arato,
411 1369 480 1448 ‘qui
505 1369 662 1448 Antigoni
687 1369 792 1450 gratia
817 1369 990 1440 fruebatur,
1015 1378 1047 1432 et
1069 1368 1255 1443 Theocrito,
1280 1371 1334 1453 qui
1349 1371 1450 1435 Phila·

154 1479 266 1562 delphi
291 1479 436 1543 favorem
467 1480 669 1563 quaesiturus
705 1488 792 1554 erat,
824 1479 894 1542 sine
925 1479 989 1541 ullo
1030 1479 1169 1543 invidiae
1203 1480 1347 1564 periculo
1381 1480 1452 1545 Con

155 1611 220 1655 una
242 1592 350 1655 venire
383 1612 511 1672 unaque
546 1592 653 1654 vivere
676 1591 786 1654 liceret
809 1600 885 1673 post
909 1590 996 1654 illum
1019 1610 1150 1660 annum.
1197 1589 1275 1654 Inde
1291 1593 1446 1675 sequitur,

154 1721 284 1764 carmen
307 1703 376 1765 Vll.
413 1702 624 1765 verisimiliter
655 1701 738 1766 circa
772 1721 893 1764 annum
918 1702 992 1764 262.
1015 1722 1044 1768 a.
1068 1700 1142 1765 Chr.
1169 1721 1199 1768 n.
1225 1693 1317 1766 esse
1351 1723 1445 1766 con·
1531 1749 1535 1754 -

153 1812 371 1895 scriptum.

261 1921 438 1986 Confundit
462 1923 560 2004 igitur
583 1921 744 1986 Haulerus
767 1923 982 2002 quaestiones,
1006 1942 1071 2002 quo
1094 1930 1243 2006 tempore
1271 1917 1362 1985 actae
1385 1923 1450 1986 sint

154 2052 205 2095 res
227 2042 260 2095 et
283 2034 414 2114 quando
437 2033 658 2113 composuerit
689 2041 786 2114 poeta
816 2053 945 2095 carmen
982 2031 1052 2098 Vll.
1077 2033 1301 2096 Audacissime
1332 2033 1448 2100 deinde

153 2165 196 2206 ex
219 2143 266 2218 iis,
302 2164 386 2225 quae
409 2142 508 2209 schol.
546 2143 713 2206 adnotavit
749 2141 790 2204 de
825 2163 930 2204 rerum
963 2141 1052 2212 locis,
1081 2141 1202 2206 ibidem
1224 2142 1449 2226 composuisse

153 2262 288 2334 poetam
311 2273 442 2316 carmen
466 2253 637 2316 concludit.
650 2253 672 2336 ¹)
718 2252 857 2315 Accedit
879 2253 968 2335 quod
993 2273 1098 2335 neque
1114 2273 1143 2320 a.
1162 2253 1235 2332 265.
1260 2273 1288 2315 a.
1307 2253 1381 2319 Chr.
1406 2274 1448 2328 n.,

153 2384 220 2444 quo
238 2364 457 2446 compositum
470 2385 539 2426 esse
555 2363 623 2425 vult
636 2362 676 2425 id.
691 2363 789 2449 XVI..
812 2382 886 2426 cum
902 2362 1053 2426 Holmius
1075 2383 1109 2426 re
1126 2364 1242 2426 iterum
1257 2383 1417 2446 perpensa
1426 2360 1448 2450 ²)

153 2473 252 2537 alium
276 2493 382 2536 rerum
406 2494 591 2537 connexum
614 2474 827 2546 constituerit,
853 2482 959 2536 certus
982 2481 1040 2546 est,
1065 2493 1170 2555 neque
1194 2492 1323 2542 carmen
1346 2473 1447 2541 XVII.

152 2606 194 2646 ex
218 2605 292 2647 mea
323 2584 491 2659 sententia,
523 2604 621 2666 quam
653 2583 733 2646 infra
757 2584 886 2647 uberius
910 2603 1088 2666 exponam,
1113 2603 1141 2646 a.
1167 2597 1239 2664 259.
1263 2605 1291 2646 a.
1316 2582 1390 2650 Chr.
1415 2603 1447 2650 n.

152 2695 372 2778 compositum
394 2715 464 2758 esse
488 2704 605 2782 potest.

261 2806 369 2869 Hasce
393 2807 437 2869 ob
460 2827 574 2868 causas
598 2805 704 2869 facere
728 2825 793 2868 non
818 2825 952 2886 possum
977 2825 1050 2868 cum
1074 2802 1227 2868 Hauler0.

260 2916 458 2996 Subscripsit
488 2926 596 2978 autem
619 2916 748 2979 Hauleri
779 2917 968 2988 sententiae,
994 2925 1029 2978 ut
1051 2914 1130 2977 alios
1157 2915 1316 2986 omittam,
1351 2913 1446 2975 Fritz-

151 3026 259 3090 schius
272 3027 332 3109 (ed.
352 3027 423 3091 mai.
437 3046 505 3106 arg.
531 3026 622 3108 vlt),
641 3045 716 3088 nam
741 3026 822 3089 »hoc
841 3025 1069 3088 statuendume
1081 3033 1139 3098 est,
1157 3023 1268 3105 inquit,
1286 3044 1353 3105 quo
1368 3032 1447 3085 tem-

150 3136 240 3219 poris
265 3137 411 3220 quaestio
435 3135 625 3218 (Eichstadt.
643 3135 789 3196 adumbr.
811 3144 871 3197 etc.
896 3155 928 3216 p.
947 3138 975 3212 8.
993 3135 1062 3198 coll.
1083 3134 1204 3198 Hauler
1219 3156 1248 3218 p.
1271 3133 1337 3216 61.)
1353 3132 1448 3196 simul

150 3245 337 3320 absolvitur,
352 3245 561 3308 Theocritum
583 3244 687 3308 Coum
704 3265 822 3326 genere
837 3244 887 3327 (cf.
904 3245 1149 3308 disserationem
1166 3264 1273 3307 meam
1291 3243 1332 3306 de
1357 3252 1443 3326 poet.

150 3353 206 3418 Gr.
228 3356 332 3420 bucol.
349 3377 380 3438 p.
400 3373 428 3434 3.
454 3375 544 3438 seqq.
574 3355 703 3418 Hauler.
729 3374 761 3434 p.
795 3370 842 3420 10.
870 3357 986 3437 seqq),
1014 3363 1178 3418 versatum
1201 3363 1272 3418 tum
1296 3355 1327 3416 in
1344 3353 1447 3417 insula

150 3467 264 3548 patria,
279 3466 469 3528 instructum
490 3466 555 3529 iam
567 3465 709 3528 Philetae
723 3477 782 3536 [vs.
805 3465 856 3542 lu)
877 3465 1086 3539 institutione,
1104 3464 1245 3529 conflata
1260 3465 1324 3526 iarn
1337 3470 1446 3549 poeta·

150 3596 222 3637 rum
236 3575 430 3657 aequalium,
446 3576 536 3638 Arati
553 3579 612 3662 (νε,
630 3577 707 3657 98.),
725 3574 946 3658 Apollonii
968 3574 1051 3658 (adn.
1074 3575 1116 3637 ad
1135 3596 1164 3637 v.
1192 3575 1261 3640 126.
1291 3589 1343 3653 47.
1365 3583 1444 3637 etv.

156 3703 210 3766 13:
235 3684 287 3748 hic
311 3686 440 3748 ultimus
461 3705 506 3748 vs.
533 3687 573 3748 de
595 3686 771 3769 Apollonio
794 3687 927 3752 omnino
951 3685 993 3748 nil
1007 3683 1149 3767 habeti),
1167 3685 1304 3748 aliorum
1327 3684 1446 3767 partim

147 3796 299 3864 amicitia.
314 3794 610 3878 partimsimultate,
625 3793 853 3872 scripsisse
870 3795 949 3858 hoc
969 3814 1135 3858 carmen
1155 3794 1446 3876 invenemlvide

149 3927 195 3968 vs.
215 3923 265 3985 39.
283 3924 374 3988 seqq.
386 3905 456 3971 coll,
466 3905 544 3976 adn.
562 3904 604 3966 ad
616 3924 645 3964 v.
662 3916 717 3982 51:
740 3904 855 3984 quibus
870 3905 903 3966 id
916 3907 1049 3968 omnino
1059 3925 1123 3968 non
1138 3906 1400 3989 demonstratur.)
1413 3914 1447 3970 et

150 4016 281 4099 quidem
312 4035 377 4076 non
401 4014 504 4076 multo
527 4013 703 4096 posthunc
726 4013 812 4075 diem
828 4012 960 4090 festum,
993 4016 1046 4097 qui
1070 4014 1228 4078 scribendi
1253 4034 1367 4078 ansam
1392 4014 1444 4079 de·

149 4127 275 4188 derat«.
301 4161 343 4171 -
366 4123 543 4188 Reicienda
558 4124 656 4205 igitur
678 4132 728 4186 est
744 4124 908 4216 Fritzschii
927 4125 1048 4207 opinio,
1073 4144 1147 4186 cum
1163 4123 1294 4188 Hauleri
1318 4144 1446 4188 errores

148 4257 227 4298 suos
243 4235 369 4301 fecerit:
394 4235 482 4298 irruit
498 4244 607 4297 autem
623 4235 671 4295 vir
686 4234 893 4298 doctissimus
914 4235 945 4298 ih
969 4255 1071 4300 novos
1086 4254 1208 4315 eosque
1236 4234 1446 4316 gravissimos

148 4366 281 4410 errores.
329 4346 412 4408 Nam
444 4365 530 4410 anno
563 4347 635 4414 262.
660 4364 688 4407 a.
714 4344 788 4412 Chr.
815 4365 860 4419 n.,
894 4366 960 4429 quo
982 4344 1177 4408 Fritzschius
1200 4363 1275 4407 cum
1300 4344 1446 4410 Haulero

259 4524 277 4594 ¹)
297 4525 336 4579 Cf.
355 4526 431 4575 etiam
448 4526 468 4577 l.
489 4526 506 4575 l.
525 4543 550 4592 p.
571 4539 611 4589 29.
632 4525 674 4575 ubi
695 4522 738 4592 (de
756 4525 789 4574 id.
810 4525 881 4591 XIV)
899 4527 926 4574 in
944 4525 1050 4574 similem
1069 4539 1176 4574 errorem
1194 4523 1270 4572 irruit.

255 4616 275 4687 ²)
295 4617 334 4667 Cf.
355 4619 448 4668 Histoi.
469 4619 518 4668 Sic.
536 4626 562 4667 et
579 4600 692 4668 Bursian.
712 4633 769 4667 ann.
790 4618 820 4668 V.
839 4618 889 4670 vol.
907 4617 955 4668 111.
976 4616 1034 4678 246.
1055 4632 1106 4684 seq.
1126 4617 1170 4667 ubi
1188 4631 1319 4667 censuram
1341 4617 1393 4684 egit
1412 4617 1444 4669 de

147 4711 282 4777 Droysenii
300 4711 384 4762 histor.
405 4711 505 4760 Hellen.
526 4710 559 4759 11.
580 4709 619 4760 ed.
