3500 5498
468 1151 1153 1259 Sententiaecontroversae.

272 1398 294 1459 Ι.
319 1376 484 1461 Thenerit.
509 1396 551 1460 id.
576 1399 647 1461 XV.
675 1420 721 1464 vs,
746 1401 798 1478 98.
826 1420 899 1462 cum
924 1399 1087 1462 Ahrensio
1109 1400 1285 1481 legendum
1309 1410 1374 1466 est:

369 1501 441 1583 ἅτις
460 1509 514 1572 καὶ
538 1507 706 1592 πέρυτιν
728 1507 789 1573 τὸν
810 1507 944 1592 ἰάλεμοι)
969 1506 1148 1594 ἀρίστευσε.

257 1619 293 1680 II.
316 1619 416 1701 Verg.
443 1618 563 1700 Georg.
588 1620 610 1681 I.
638 1635 697 1696 32:

370 1751 453 1792 anne
476 1749 595 1792 novom
620 1730 720 1792 tardis
744 1731 833 1792 sidus
856 1741 888 1794 te
912 1732 1078 1794 mensibus
1103 1733 1215 1808 addas

371 1862 436 1923 qua
459 1841 550 1902 locus
574 1841 739 1922 Erigonen
764 1843 846 1904 inter
870 1841 1044 1924 chelasque
1068 1845 1233 1925 sequentis

370 1951 521 2034 panditur
545 1951 627 2033 (ipse
650 1952 710 2014 tibi
734 1952 798 2014 iam
822 1951 972 2015 bracchia
995 1953 1155 2017 contrahit
1179 1956 1296 2018 ardens

236 2053 240 2064 ’
370 2059 526 2142 Scorpius
550 2069 582 2122 et
606 2061 685 2123 caeli
710 2063 793 2124 iusta
816 2063 888 2145 plus
911 2073 1004 2145 parte
1028 2064 1165 2149 reliquit)
1191 2103 1232 2112 -

316 2171 435 2254 primus
458 2170 638 2251 designavit
662 2191 807 2236 mensem
830 2173 904 2235 dein
926 2172 1114 2254 Augustum
1131 2171 1301 2235 Octaviani
1321 2173 1453 2237 honoris

316 2300 412 2342 causa
435 2280 642 2362 appellatum.

9 2431 10 2452 r
138 2453 144 2464 ,
237 2389 286 2452 111.
313 2391 484 2452 Pindarum
509 2389 672 2471 Aegidam
704 2391 802 2454 fuisse
833 2393 1024 2474 interpretes
1054 2412 1150 2453 carm.
1174 2392 1265 2473 Pyth.
1291 2391 1331 2455 V.
1355 2392 1452 2454 auda-

196 2563 204 2574 ,
239 2580 244 2592 ι
315 2501 443 2562 cissime
466 2510 657 2564 statuerunt.

238 2611 294 2676 lV.
319 2611 431 2673 Zenon
455 2610 586 2674 Stoicus
615 2633 701 2675 anno
735 2613 805 2678 264.
829 2633 857 2678 a.
875 2611 948 2678 Chr.
974 2631 1002 2674 n.
1029 2621 1175 2674 mortuus
1193 2621 1252 2685 est,
1277 2633 1344 2694 quo
1365 2633 1451 2675 anno

318 2721 437 2783 bellum
461 2720 737 2785 Chremonideum
761 2723 842 2784 inter
865 2722 1083 2784 Athenienses
1108 2731 1140 2784 et
1164 2723 1366 2803 Antigonum
1384 2720 1449 2815 Go-¹

319 2843 427 2897 natam
458 2833 586 2898 exarsit.

252 2944 290 3008 V.
317 2945 460 3008 Fabulae
484 2941 647 3024 mythicae
670 2963 711 3003 ex
734 2951 847 3004 natura
870 2942 1025 3014 locorum,
1051 2943 1105 3004 ubi
1131 2951 1221 3005 ortae
1244 2953 1327 3016 sunt,
1352 2943 1448 3025 expli·

315 3056 380 3116 cari
403 3055 531 3118 debent.

235 3165 290 3226 VI.
317 3166 379 3226 Die
414 3163 609 3246 Hegel’sche
642 3161 981 3225 Erkenntnisstheorie
1014 3163 1084 3247 (Bd.
1115 3164 1203 3226 VlIb.
1236 3162 1342 3226 Lehre
1374 3184 1450 3226 vom

312 3275 511 3356 subjectiven
534 3272 638 3354 Geist)
662 3273 702 3334 ist
726 3269 789 3334 die‘
813 3272 1024 3353 ausgesiihrte
1056 3273 1257 3336 Platonische
1293 3274 1444 3358 (Republ.

315 3382 366 3446 lib.
392 3383 447 3447 Vi.
473 3405 499 3444 a.
528 3383 588 3463 E).
