3500 5498
935 459 975 525 54

302 663 346 728 bo
370 674 479 728 autem
501 657 586 728 older)
611 664 670 746 (vs,
694 661 762 744 99.)
787 659 980 724 Fritzschius
1004 681 1077 722 cum
1099 660 1262 750 Meinekio
1288 661 1457 732 conclusit.
1478 661 1599 724 Aristin

301 791 429 838 amores
462 773 556 836 Arati
588 772 729 836 carmine
769 771 964 834 celebrasse:
1001 770 1153 834 sortasse!
1189 769 1328 835 Aratum
1367 773 1454 834 enim
1490 792 1599 834 amore

304 901 493 967 percussum
516 904 586 946 esse
610 883 733 946 amicus
756 890 842 945 certe
865 882 1000 944 scivit.

410 994 511 1058 Vides
534 995 629 1076 igitur
652 994 693 1056 de
716 992 876 1075 plerisque
904 991 988 1064 viris,
1019 1011 1102 1072 quos
1140 991 1334 1056 Theocritus
1365 969 1429 1054 hoc
1460 993 1597 1054 carmine

303 1106 445 1178 inducat,
470 1104 513 1166 nil
535 1105 612 1166 certi
636 1103 740 1166 afferri
764 1121 870 1184 posse.
919 1101 992 1164 Hoc
1014 1122 1091 1163 vero
1114 1102 1320 1165 manifestum
1346 1112 1404 1180 est,
1441 1102 1597 1165 ininsula

305 1214 353 1277 Co
376 1234 416 1276 eo
440 1223 589 1297 tempore
612 1213 708 1276 fuisse
731 1212 918 1275 sodalicium
935 1213 1097 1286 iuvenum,
1123 1213 1178 1295 qui
1202 1213 1396 1276 carminibus
1418 1213 1597 1294 pangendis

305 1343 439 1406 operam
463 1325 575 1386 darent
586 1324 620 1406 ¹).
667 1323 779 1404 Atque
803 1343 876 1385 cum
899 1324 987 1404 apud
1011 1344 1148 1405 graecos
1174 1323 1283 1385 omnia
1314 1322 1468 1385 sodalicia
1502 1323 1597 1385 rebus

305 1434 418 1497 divinis
448 1435 632 1506 niterentur,
665 1433 728 1495 hoc
765 1449 909 1514 quoque
928 1413 1117 1496 sodalicium
1152 1434 1302 1496 iuvenum
1336 1433 1406 1513 (arti
1431 1433 1597 1495 bucolicae

303 1563 437 1627 operam
472 1544 617 1607 dantium
627 1542 651 1628 i)
683 1543 819 1607 deorum
851 1543 978 1606 cuidam
1011 1564 1046 1606 se
1071 1545 1317 1606 commendasse
1340 1543 1510 1606 verisimile
1539 1551 1595 1606 est.

303 1654 377 1718 Fuit
402 1675 449 1728 ea,
475 1663 509 1716 ut
532 1653 665 1716 Holmio
687 1654 866 1725 credamus,
893 1654 964 1735 ipsa
988 1652 1095 1727 Ceres,
1115 1673 1214 1735 quam
1231 1653 1423 1716 Theocritus
1446 1653 1510 1716 hoc
1534 1673 1598 1715 car-

303 1765 390 1827 mine
412 1765 554 1828 maxime
577 1763 726 1827 celebrat.
775 1763 873 1844 Quod
897 1765 1131 1847 comprobatur
1160 1784 1209 1841 eo,
1240 1765 1330 1846 quod
1354 1763 1493 1826 Philetas
1521 1752 1598 1845 quo-

303 1895 366 1956 que
387 1883 589 1957 praeceptor,
615 1874 762 1955 quitum
786 1873 834 1936 Co
868 1881 947 1945 erat,
974 1873 1125 1936 Cererem
1159 1875 1299 1936 carmine
1339 1874 1599 1956 splendidissimo

300 1984 479 2048 celebravit
503 1995 534 2048 et
557 1985 733 2047 Dorienses
765 1982 1017 2065 frequentissimi
1048 1984 1117 2047 eius
1147 1986 1229 2047 deae
1256 1985 1394 2047 cultores
1425 1993 1534 2046 erant:
1559 1981 1598 2046 cf.

303 2095 403 2158 etiam
427 2095 508 2157 deae
532 2095 651 2157 cuitum
676 2095 707 2156 in
730 2093 865 2176 Triopio
890 2095 1114 2175 promuntorio
1138 2095 1244 2158 vicino
1276 2104 1309 2157 et
1332 2093 1455 2156 Callim.
1486 2094 1597 2174 hymn.

305 2205 336 2266 in
360 2204 520 2268 Cererem.
570 2205 645 2284 Quo
684 2203 804 2267 factum
836 2203 913 2266 mihi
943 2203 1070 2266 videtur
1105 2225 1175 2267 esse
1209 2214 1245 2268 ut
1274 2204 1353 2266 alter
1387 2204 1523 2266 alterum
1556 2204 1598 2264 ad

307 2316 448 2378 carmina
471 2315 697 2397 componenda
721 2315 876 2384 excitaret
899 2324 933 2376 et
956 2317 1186 2378 commercium
1211 2316 1292 2377 inter
1315 2316 1445 2377 iuvenes
1468 2313 1599 2376 laetissi-

306 2445 394 2488 mum
419 2434 451 2488 et
474 2425 738 2487 iucundissimum
761 2434 856 2487 esset.
903 2426 989 2487 Inter
1012 2445 1079 2530 eos'
1092 2427 1191 2506 igitur
1214 2426 1355 2496 iuvenes,
1381 2424 1434 2503 qui
1457 2422 1506 2486 Co
1529 2433 1599 2485 tum

305 2533 437 2598 alteram
460 2554 590 2596 auream
614 2543 755 2596 aetatem
785 2535 960 2616 degebant,
992 2536 1060 2617 ipse
1089 2535 1282 2598 Theocritus
1312 2543 1388 2607 erat,
1414 2535 1468 2615 qui
1493 2542 1600 2595 aetate

306 2646 411 2728 magis
434 2655 608 2725 provectus
640 2654 758 2727 ¹postea
790 2647 945 2708 memoria
977 2646 1171 2729 praeteritae
1202 2647 1286 2707 vitae
1323 2644 1513 2706 resuscitata
1536 2643 1598 2705 hoc

303 2755 413 2838 idyliio
438 2756 507 2817 dies
531 2741 744 2819 hilarissimos'
766 2756 836 2818 illos
860 2755 1036 2838 descripsit.

410 2865 605 2940 Cantilenae,
629 2887 713 2948 quae
736 2865 809 2927 huic
830 2865 938 2946 idyllio
968 2866 1105 2928 insertae
1127 2875 1210 2939 sunt,
1241 2861 1436 2949 specimina
1452 2869 1483 2930 ni
1505 2867 1597 2930 fallor

305 2985 381 3039 sunt
406 2997 546 3059 poeseos
564 2975 733 3040 bucolicae
759 2974 811 3058 (cf.
830 2995 890 3041 vss,
916 2978 967 3037 28.
990 2993 1044 3055 49.
1061 2997 1129 3057 seq.
1147 2979 1212 3057 92.)
1228 2978 1401 3048 ,Theocriti
1424 2979 1546 3042 iuvenis
1555 2981 1596 3062 ’ὓς

306 3107 356 3150 res
380 3096 499 3164 autem,
523 3106 604 3168 quas
627 3094 775 3160 tractant,
802 3084 904 3147 multo
928 3087 1032 3165 magis
1063 3088 1239 3150 amatoriae
1261 3096 1335 3150 sunt
1366 3089 1506 3171 ideoque
1534 3089 1598 3150 vul-

305 3197 375 3278 gari
399 3197 628 3275 communique
650 3196 818 3259 hominum
850 3204 984 3258 naturae
1015 3197 1127 3258 melius
1160 3200 1358 3279 respondent
1388 3219 1487 3280 quam
1516 3208 1599 3262 cete·

417 3462 434 3534 Ι)
456 3465 494 3516 Cs.
515 3467 590 3516 etiam
609 3464 718 3515 Meinek.
739 3465 777 3515 ed.
797 3482 823 3530 p.
844 3477 902 3528 314.
923 3472 974 3515 not.

319 3597 322 3604 .
416 3554 435 3626 ²)
456 3557 608 3608 Simichidae
627 3556 777 3606 cantilenam
795 3557 854 3606 inde
873 3574 888 3606 a
907 3574 941 3607 vs.
961 3557 1101 3620 94.--128.
1139 3558 1273 3608 Theocrito
1291 3559 1422 3624 indignam
1441 3577 1494 3610 esse
1512 3571 1598 3611 censet

308 3648 430 3700 Greverus
450 3645 553 3717 (Kleine
571 3651 651 3713 Beytr.
671 3648 711 3699 ad.
730 3650 790 3698 VII.
812 3663 846 3713 94
856 3647 875 3716 );
898 3651 995 3699 »Wenn
1013 3651 1067 3699 dies
1085 3651 1131 3700 das
1154 3652 1224 3700 beste
1242 3651 1306 3700 Lied
1325 3651 1369 3700 des
1388 3650 1537 3702 Simichidas
1556 3654 1596 3713 ist,

307 3757 335 3792 so
353 3741 466 3804 verlangt
484 3741 552 3790 mich
571 3741 647 3802 nicht,
667 3741 718 3789 seio
738 3742 915 3792 schiechtestes
933 3758 962 3790 zu
981 3741 1088 3791 kennen.
1121 3743 1169 3792 Die
1186 3759 1265 3808 ganze
1281 3743 1357 3792 Stelie
1376 3744 1407 3792 ist
1425 3745 1599 3794 sinnloses

306 3835 351 3882 Ge
361 3834 521 3893 schwiitz,
542 3833 586 3882 das
605 3834 662 3894 den,
676 3833 720 3881 der
732 3835 873 3884 verurtheiit
886 3835 979 3900 wiirde,
992 3851 1018 3884 es
1031 3852 1060 3885 zu
1073 3835 1206 3894 entziisern‚
1226 3836 1376 3885 wahnsin
1386 3838 1418 3885 ni
1427 3853 1445 3902 g
1463 3819 1596 3886 macheu

304 3912 400 3974 iidnnte
420 3921 581 3992 (eheu)(i),
606 3925 688 3974 rumai
708 3926 740 3974 da
760 3943 786 3976 es
809 3927 871 3975 wie
898 3927 1132 3977 menschliche
1159 3928 1250 3977 Rede
1277 3929 1344 3977 und
1368 3929 1425 3978 wie
1453 3929 1599 3980 Gedicht

305 4018 416 4067 lautet
493 4061 498 4072 ,
510 4061 533 4072 ,,
557 4033 587 4065 ex
600 4033 684 4082 ungue
704 4018 803 4067 leonem
823 4049 855 4058 -
875 4020 931 4068 der
950 4019 1101 4070 Simichidas
1118 4021 1149 4068 ist
1167 4021 1236 4069 nicht
1254 4022 1343 4070 mein
1362 4022 1511 4072 Theocriti«
1533 4022 1598 4071 Cum

305 4125 364 4159 vero
381 4110 434 4174 ipse
453 4117 518 4158 recte
537 4117 653 4160 moneat:
684 4110 831 4160 »Vieileicht
848 4112 917 4160 rithrt
936 4112 1004 4160 diese
1023 4113 1284 4163 Unverstitndlichkeit
1302 4115 1387 4176 daher,
1411 4114 1469 4164 dass
1486 4115 1530 4164 wir
1548 4115 1599 4164 den

306 4202 407 4268 Shnger,
427 4202 494 4250 seine
507 4201 683 4264 Verhaitnisse,
704 4204 771 4253 seine
785 4203 928 4253 Schicksale
940 4204 993 4253 und
1006 4205 1046 4254 die
1060 4205 1184 4254 Personen
1203 4207 1271 4256 nicht
1289 4207 1397 4268 kenuen,
1417 4223 1467 4256 von
1485 4206 1599 4258 welchen

307 4294 347 4344 die
367 4295 437 4344 Rede
455 4294 501 4344 ist«
523 4301 584 4356 ete,
611 4295 728 4359 equidem
746 4312 797 4344 non
817 4296 890 4345 video
908 4312 951 4346 cur
969 4298 1059 4346 talibus
1078 4298 1159 4348 verbis
1177 4298 1258 4362 ipsum
1278 4307 1380 4364 poetam
1398 4299 1597 4364 reprehenderit!

306 4387 382 4436 Tales
406 4394 492 4436 autem
517 4387 624 4451 ineptiae
649 4388 748 4452 saepius
772 4389 797 4437 in
817 4389 917 4437 Greveri
943 4388 1029 4438 libello
1050 4390 1221 4439 inveniuntur:
1248 4391 1279 4439 cf.
1301 4407 1323 4440 e.
1343 4407 1365 4440 c.
1384 4408 1408 4457 p.
1430 4392 1480 4455 26.¹
1500 4392 1542 4440 nbi
1561 4391 1601 4440 vir

307 4479 440 4529 iracundus
457 4489 482 4528 et
501 4479 660 4529 inexorabilis
679 4479 742 4529 haec
760 4482 859 4530 statuit:
888 4481 979 4530 »Kann
999 4499 1057 4531 man
1088 4484 1140 4532 sich
1159 4490 1234 4532 etwas
1252 4483 1463 4533 Alberneres
1489 4483 1597 4545 denhen,

306 4571 345 4622 als
362 4571 420 4622 dass
437 4573 505 4621 diese
523 4571 659 4621 Bestien
680 4570 752 4640 (lupi,
771 4572 856 4622 leones
874 4582 913 4622 etc
925 4574 943 4640 ),
963 4575 1015 4624 und
1033 4575 1097 4626 duzu
1113 4577 1178 4626 noch
1194 4592 1235 4624 um
1250 4576 1299 4624 den
1317 4576 1374 4626 Tod
1394 4577 1463 4626 eines
1478 4575 1599 4641 Jagers

309 4662 469 4738 (Daphnidis,
488 4664 531 4730 qui
552 4681 610 4716 vero
629 4666 752 4716 bubulcus
771 4663 832 4738 esti)
852 4671 1026 4722 trauernic.
