3500 5498
511 1693 543 1797 l.
584 1694 668 1798 De
706 1694 964 1798 Theocriti
1001 1695 1113 1798 vita.

798 1943 821 2015 Ι.

316 2128 452 2193 Schol.
480 2131 618 2212 Θεοκρ.
638 2127 682 2210 γε’
688 2151 724 2195 v:
754 2125 942 2213 Θεόκριτος,
968 2121 1073 2193 ὁτῶν
1089 2131 1296 2208 βουκολικῶν
1311 2122 1457 2212 ποιητής,

315 2233 541 2321 Συρακούσιος
564 2226 605 2322 ἦν
626 2235 667 2303 τὸ
691 2238 792 2321 γένος.

316 2347 428 2414 Suid.
455 2368 479 2415 s,
504 2368 534 2413 v.
562 2342 707 2432 θεόκρ.
755 2345 881 2413 ἔστιδὲ
910 2349 965 2412 καὶ
996 2344 1104 2432 ἕτερος
1134 2361 1195 2414 τοῦ
1221 2350 1305 2413 Χίου
1330 2350 1457 2430 θεόκρι-

314 2479 371 2532 τος
384 2509 391 2523 .
406 2507 413 2521 .
427 2507 455 2523 ..
481 2457 719 2541 Συρακούσιος·
744 2456 773 2522 οἱ
789 2457 824 2522 δέ
841 2473 921 2539 φασι
937 2461 1047 2542 Κῷον,
1063 2454 1232 2542 μετῴκησε
1248 2457 1281 2522 δὲ
1296 2455 1332 2522 ἐν
1347 2462 1454 2540 Συρα-

315 2566 459 2640 κούσαις.

260 2675 462 2750 Theocritus,
497 2679 674 2740 carminum
707 2678 928 2741 bucolicorum
963 2687 1070 2760 poeta,
1108 2677 1332 2759 Syracusanus
1371 2686 1455 2744 erat:

153 2785 234 2848 alius
257 2795 306 2848 est
320 2786 514 2849 Theocritus
539 2786 646 2860 Chius,
672 2787 882 2871 Theopompi
897 2789 1040 2850 historici
1063 2788 1094 2850 in
1119 2787 1217 2849 rebus
1240 2786 1377 2869 publicis
1402 2806 1455 2866 ge·

153 2896 260 2956 rendis
276 2889 489 2958 adversarius
500 2899 683 2970 acerrimus,
709 2898 749 2959 de
773 2917 840 2978 quo
856 2899 930 2960 vide
946 2918 1031 2979 quae
1056 2898 1179 2960 habent
1195 2896 1340 2958 Muelleri
1357 2895 1451 2976 lrgm.

154 3005 224 3068 hist.
250 3024 297 3084 gr.
324 3006 361 3071 11.
387 3006 437 3068 86.
484 3005 577 3069 Hanc
600 3008 641 3068 de
665 3007 831 3070 Theocriti
854 3009 958 3088 patria
980 3007 1172 3069 sententiam
1195 3005 1366 3068 confirmat
1389 3006 1452 3086 epi-

152 3133 310 3194 gramma,
336 3117 426 3196 quod
443 3113 618 3194 Callierges
643 3118 748 3180 editor
764 3118 886 3179 invenit
909 3119 991 3179 inter
1006 3117 1200 3179 Theocritea
1225 3136 1299 3178 curn
1323 3115 1452 3195 inscrip·

151 3224 239 3286 tione
254 3233 314 3289 τοῦ
329 3221 432 3288 αὐτοῦ
450 3227 479 3308 (i.
491 3247 518 3291 e.
532 3221 713 3308 Theocriti)
729 3225 774 3300 είς
790 3221 917 3300 ἑαυτόν,
932 3219 983 3290 ὅτι
995 3225 1170 3309 Θεόκριτος
1183 3223 1389 3307 Συρακόσιος
1403 3211 1453 3308 ἦν.

247 3325 358 3410 Ἄλλος
380 3329 399 3397 ὁ
422 3338 513 3409 Χῖος·
537 3332 622 3417 ἐγὼ.
641 3387 670 3402 ..
696 3335 729 3399 δὲ
755 3335 938 3420 θεόκριτος,
964 3329 1000 3409 ὃς
1021 3331 1094 3399 τοίό)
1116 3332 1254 3418 ἔγραψα,

151 3434 197 3516 εἷς
221 3439 288 3506 ἀπὸ
311 3449 380 3508 τῶν
403 3447 538 3507 πολλῶν
560 3444 622 3528 εἰμὶ
645 3447 871 3529 Συρακοσίων.

257 3553 331 3615 Hoc
347 3555 549 3635 epigramma
565 3556 742 3617 carminum
759 3555 1026 3618 Theocriteorum
1043 3553 1234 3627 collectioni,
1252 3572 1335 3634 quae
1352 3553 1448 3615 Alex·

150 3662 289 3725 andreae
313 3672 391 3736 erat,
416 3663 599 3745 praefixum
629 3665 726 3727 fuisse
757 3664 839 3727 inira
869 3664 1084 3745 comprobare
1115 3663 1272 3725 studebo:
1305 3662 1395 3742 quod
1424 3662 1451 3723 si

151 3779 274 3842 rectum
298 3781 348 3835 est
371 3773 470 3837 schol.
498 3776 610 3854 θεσκρ.
634 3772 699 3855 γέν.
724 3783 757 3836 et
780 3773 900 3836 Suidae
924 3775 965 3836 de
981 3773 1149 3835 Theocriti
1172 3772 1239 3834 vita
1263 3791 1313 3833 res
1337 3771 1450 3850 princi·

150 3880 240 3960 pales
263 3890 350 3944 certe
373 3884 605 3963 suppeditavit.

257 3990 468 4054 Theocritum
495 3989 735 4072 Syracusanuin
759 3992 857 4055 fuisse
880 3995 947 4055 aliis
971 3994 1075 4057 causis
1100 3990 1321 4054 confirmatur.
1369 3989 1454 4052 Nam

149 4100 280 4180 saepius
304 4101 337 4161 in
360 4102 461 4183 ipsius
476 4102 673 4166 carminibus
690 4103 894 4165 inveniuntur
910 4123 957 4176 ea,
975 4102 1094 4184 quibus
1110 4102 1289 4182 Syracusas
1313 4099 1454 4178 patriam

151 4228 222 4269 esse
245 4217 357 4290 aperte
381 4211 637 4278 demonstretur:

148 4317 191 4382 id.
215 4318 269 4379 XI.
297 4334 334 4399 7:
360 4314 450 4384 οὕτω
471 4329 552 4402 γοῦν
574 4315 701 4406 ρ(αίἰ“στοι
725 4317 805 4405 διᾶγ’
830 4317 848 4386 ὁ
870 4322 1023 4403 Κύκλωψ
1048 4315 1066 4384 ὁ
1089 4315 1168 4404 παρ’
1193 4315 1272 4401 ύμῖν

256 4420 395 4512 ὥρχαῖος
418 4430 627 4513 Πολύφαμος.

148 4535 256 4603 schol:
281 4535 321 4602 τὸ
343 4534 421 4623 παρ’
445 4532 521 4624 ἡμῖν
553 4538 606 4604 ε’·ιιί
627 4543 687 4625 τῆς
718 4543 871 4616 Σικελίας
893 4540 983 4624 φέρει
1004 4533 1084 4604 καθ’
1108 4535 1126 4602 ὃ
1149 4540 1205 4602 καὶ
1229 4533 1457 4617 Συρακούσιός

255 4643 345 4711 ἐστιν
369 4649 598 4732 (Theocritus).
1532 4643 1536 4650 ’
