3500 5498
914 467 952 534 16

283 687 306 756 Ι.
336 688 376 773 1.)
406 699 539 772 poetam
566 688 754 752 Ptolemaeo
783 688 805 754 Ι.
840 709 916 769 rege
945 685 1092 750 floruisse
1122 681 1289 770 (ἢκμαζεν)
1322 685 1472 771 exhibet;
1497 687 1584 748 hanc

280 800 467 880 opinionem
490 802 629 864 servavit
661 793 763 863 «ὑπόθ.
793 798 834 860 id.
867 798 933 870 IV.,
965 799 1019 860 ubi
1053 799 1084 858 in
1116 799 1266 860 omnibus
1297 798 1392 862 codd.
1426 799 1579 879 (excepto

281 911 352 970 cod.
388 909 504 974 Medic.
538 912 604 990 37.)
640 909 850 970 Theocritum
885 909 969 970 circa
997 907 1038 971 ol.
1075 908 1225 989 114.·(:
1251 906 1410 984 ³²4l321.a.
1435 905 1509 970 Chr.
1535 907 1584 986 n.)

285 1036 367 1097 quae
401 1017 527 1079 initium
562 1018 687 1099 imperii
722 1017 899 1078 Ptolemaei
927 1017 949 1079 Ι.
979 1017 1107 1078 videtur
1142 1015 1332 1094 designare,
1369 1015 1516 1077 floruisse
1540 1051 1583 1060 -

284 1119 395 1209 ὥσπερ
417 1123 588 1210 ἐδείξαμεν,
612 1125 706 1200 scilic.
733 1126 765 1187 in
795 1126 1036 1207 prolegomenis
1065 1127 1106 1188 de
1137 1133 1256 1206 poetae
1280 1125 1346 1186 vita
1370 1162 1411 1170 —
1436 1124 1583 1203 legimus

285 1235 434 1298 Alteram
466 1238 669 1319 opinionem,
701 1234 912 1296 Theocritum
943 1235 1118 1297 Ptolemaei
1148 1232 1348 1314 Philadelphi
1380 1233 1584 1314 temporibus

285 1346 403 1406 vixisse
436 1343 598 1428 (ἐγένετο),
629 1346 812 1407 invenimus
844 1345 875 1405 in
907 1345 1053 1425 prolegg.
1085 1351 1239 1428 (excepto
1270 1344 1340 1404 cod.
1368 1343 1483 1407 Ambr.
1509 1359 1583 1402 222.

286 1455 340 1535 qui
365 1456 443 1536 om.)
469 1457 522 1518 ubi
554 1456 596 1517 de
618 1455 783 1516 Theocriti
816 1455 1005 1535 aequalibus
1037 1455 1153 1535 agitur.
1202 1452 1315 1533 Atque
1347 1452 1487 1516 Ahrens.
1518 1451 1584 1532 qui-

287 1565 377 1637 dem,
410 1573 445 1625 ut
475 1565 527 1626 illa
560 1564 776 1645 discrepantia
808 1563 953 1638 tollatur,
989 1563 1087 1626 schol.
1121 1583 1264 1624 errorem
1298 1572 1444 1625 statuens
1477 1562 1584 1643 priore

285 1673 358 1734 loco
382 1673 556 1754 legendum
580 1694 651 1735 esse
675 1683 786 1735 censet
815 1665 936 1755 ἢκμασέ
968 1671 1001 1736 de
1026 1669 1113 1737 κατὰ
1143 1671 1203 1736 τὸν
1225 1676 1363 1756 Πτολεμ.
1388 1671 1449 1736 τὸν
1470 1670 1576 1735 inrui.

291 1781 501 1862 Φιλάδελφον
524 1782 584 1847 τὸν
606 1783 811 1865 Πτολεμαίου
832 1792 892 1846 τοῦ
925 1781 1077 1867 inruunt.
1127 1782 1250 1866 Λάγου,
1282 1805 1381 1864 quam
1410 1783 1582 1845 lectionem

286 1893 413 1974 accepit
428 1893 630 1958 Fritzschius.
668 1892 826 1956 Attamen
842 1892 936 1956 nobis
961 1895 1094 1956 omnino
1111 1915 1176 1956 non
1200 1894 1275 1956 licet
1295 1894 1585 1974 grammaticorum

288 2022 410 2064 errores
435 2003 649 2083 (librariorum
673 2023 737 2064 non
762 2024 832 2066 esse
857 2005 976 2067 docent
999 2005 1105 2067 variae
1135 2004 1237 2084 lectt.)
1271 2005 1326 2066 tali
1357 2003 1458 2065 modo
1490 2002 1584 2064 corri-

287 2133 380 2194 gere:
406 2113 513 2194 itaque
536 2113 733 2196 reliquorum
757 2134 889 2195 quoque
914 2115 1159 2176 emendationes
1183 2113 1361 2176 reiciendas
1383 2134 1455 2175 esse
1477 2120 1588 2174 statuo

287 2224 572 2304 grammaticorum
597 2223 757 2304 insignem
781 2245 923 2286 errorem
951 2245 1141 2305 agnoscens.
1189 2223 1322 2285 Errasse
1344 2233 1454 2285 autem
1485 2221 1586 2286 schol.

287 2333 379 2396 facile
402 2334 597 2414 intellegitur
621 2353 662 2394 ex
684 2333 823 2400 Theocr.
848 2335 1043 2396 carminibus
1066 2333 1152 2396 XVI.
1179 2343 1211 2395 et
1234 2333 1344 2406 xvh,
1378 2353 1461 2414 quae
1483 2330 1587 2392 Ptole-

289 2444 373 2508 maei
388 2443 425 2504 II.
450 2443 650 2525 Philadelphi
674 2444 878 2525 temporibus
900 2444 1022 2525 scripta
1045 2453 1078 2505 et
1093 2445 1226 2505 omnino
1243 2453 1363 2525 poetae
1386 2438 1493 2525 ἀκμήν
1509 2441 1587 2502 indi-

289 2574 360 2616 care
384 2553 466 2616 infra
489 2555 682 2620 videbimus.

395 2665 447 2724 Ex
469 2665 595 2726 duobus
618 2675 727 2728 autem
763 2664 907 2726 fontibus
942 2665 1174 2745 grammaticos
1197 2663 1343 2745 prolegg.
1375 2663 1416 2724 de
1445 2661 1584 2723 Theocr.

290 2782 396 2836 aetate
420 2774 487 2835 sine
518 2775 643 2836 ratione
675 2775 903 2855 conscripsisse
933 2773 1139 2836 manifestum
1171 2783 1230 2846 est,
1265 2774 1429 2855 quoniam,
1463 2772 1489 2832 si
1522 2790 1588 2832 non

290 2883 455 2954 fecissent,
491 2884 620 2947 duobus
655 2886 808 2964 deinceps
842 2884 920 2945 locis
955 2885 1093 2975 duorum
1128 2903 1243 2964 regum
1278 2892 1385 2945 aetate
1404 2881 1588 2943 'Theocriti

291 2993 439 3056 florem
463 3002 549 3056 certe
573 3014 638 3056 non
655 2994 887 3074 designassent.
937 2993 1079 3056 Alterius
1104 3003 1214 3056 autem
1230 2992 1327 3054 lontis
1350 3002 1464 3054 auctor
1479 2991 1586 3053 Theo-

291 3104 360 3165 criti
383 3112 524 3164 aetatem
548 3124 590 3165 ex
611 3104 763 3178 Philetae,
789 3105 843 3186 qui
865 3113 949 3166 teste
971 3104 1073 3166 Suida
1093 3104 1235 3186 Philippi
1260 3112 1292 3164 et
1314 3103 1493 3165 Alexandri
1517 3110 1588 3164 erat

290 3212 444 3294 aequalis,
467 3233 542 3275 cum
566 3213 778 3277 Theocritum
802 3215 870 3276 eius
894 3215 1086 3296 discipulum
1117 3214 1214 3277 fuisse
1243 3235 1303 3296 pro
1334 3224 1424 3276 certo
1453 3212 1589 3274 haberet

292 3322 346 3406 (id.
372 3323 468 3404 VII),
493 3323 623 3385 alterius
646 3344 687 3384 ex
710 3325 892 3406 aequalium
916 3334 1033 3398 aetate,
1057 3324 1246 3406 praesertim
1271 3343 1345 3384 cum
1368 3322 1410 3389 id.
1428 3319 1529 3383 XVII.
1556 3321 1589 3382 in

292 3432 467 3494 Ptolemaei
483 3432 683 3514 Philadelphi
699 3433 856 3495 honorem
872 3434 1028 3516 scriptum
1044 3433 1176 3513 legeret,
1203 3433 1352 3495 videntur
1370 3431 1588 3513 descripsisse.

400 3542 493 3606 Vitae
517 3551 626 3604 autem
648 3543 863 3606 Theocriteae
885 3539 993 3627 ἀκμήν
1015 3545 1185 3625 designare
1214 3544 1278 3605 idd.
1303 3543 1391 3608 XVI.
1416 3551 1449 3605 et
1471 3539 1585 3614 XVII,

293 3654 413 3735 quippe
427 3673 564 3734 quorum
579 3655 653 3714 anni
667 3654 790 3716 natales
803 3653 959 3716 enucleari
974 3653 1073 3716 Ierme
1085 3655 1219 3734 possint,
1240 3673 1300 3735 pro
1320 3663 1409 3715 certo
1427 3649 1590 3714 affirmare

292 3763 404 3828 veIIm:
429 3771 505 3825 sunt
527 3763 603 3824 anni
627 3763 800 3842 269—263
815 3785 843 3825 a.
858 3763 931 3826 Chr.
947 3784 977 3828 n.
1001 3773 1037 3825 ut
1060 3764 1250 3826 videbimus.
1285 3762 1352 3824 Sed
1375 3759 1590 3840 circumspici-

294 3874 413 3934 endum
445 3882 494 3936 est
525 3894 634 3936 nonne
664 3874 744 3936 aliae
773 3893 840 3947 res,
873 3874 990 3955 quibus
1020 3872 1211 3935 definiamus
1242 3871 1406 3934 Theocriti
1436 3878 1588 3942 aetatem,

294 3983 427 4045 inveniri
452 3985 595 4065 possint:
626 4004 680 4045 eas
704 3985 735 4044 ni
767 3983 858 4044 fallor
882 3985 976 4047 nobis
1006 3984 1217 4065 suppeditant
1239 3981 1405 4044 Theocriti
1427 3979 1587 4060 aequales

400 4091 573 4155 Ordiamur
595 4103 703 4156 autem
729 4113 748 4154 a
771 4093 894 4155 Phileta
916 4103 1137 4175 praeceptore,
1162 4111 1260 4174 quem
1277 4090 1395 4162 Bachii,
1420 4088 1589 4151 Ritschelii

294 4212 326 4264 et
349 4201 499 4283 Koepkei
524 4203 824 4285 computationibus
847 4204 907 4265 nisi
937 4205 1021 4265 circa
1049 4223 1169 4265 annum
1194 4205 1267 4281 285.
1294 4222 1322 4267 a.
1347 4199 1421 4267 Chr.
1446 4221 1476 4265 n.
1502 4199 1591 4261 diem

294 4313 442 4374 ultimum
466 4312 584 4375 obiisse
608 4313 792 4379 statuimus.
831 4313 914 4376 Cum
931 4323 1040 4376 autem
1056 4313 1249 4376 Theocritus
1266 4310 1410 4373 Philetae
1425 4305 1591 4390 ἀκουστὴς

295 4423 474 4504 appelletur
497 4443 572 4484 eum
594 4423 678 4484 circa
701 4443 730 4489 a.
756 4424 862 4505 ³⁰⁵l300.
887 4443 916 4489 a.
941 4423 1015 4487 Chr.
1038 4433 1150 4486 natum
1173 4443 1244 4484 esse
1267 4421 1438 4484 verisimile
1463 4428 1513 4480 est
1537 4417 1590 4501 (cI.

295 4533 431 4615 seqq).
479 4532 682 4614 Asclepiadis
705 4533 834 4595 alterius
857 4535 1078 4615 praeceptoris
1099 4543 1199 4606 aetas,
1225 4531 1347 4613 quippe
1371 4549 1456 4610 quae
1486 4527 1593 4589 ulmiis

296 4642 441 4703 involuta
461 4643 503 4703 sit
525 4644 677 4717 tenebris
702 4662 802 4704 novas
827 4661 877 4705 res
898 4645 993 4706 nobis
1014 4664 1079 4706 non
1102 4643 1247 4725 praebet.
