3500 5498
776 503 816 583 63

153 716 272 780 lasciva
301 715 433 799 coniugi
462 717 560 780 fidem
591 739 656 780 non
686 719 838 792 servasti,
873 719 931 780 sed
961 715 1147 780 libidinibus
1179 727 1344 782 commota
1373 737 1446 782 cum

152 827 298 890 Anchise
320 839 353 890 et
375 829 527 891 Adonide
551 849 637 892 nova
659 829 754 890 iniisti
784 829 1003 891 matrimonia:
1036 849 1099 909 ego
1130 849 1207 892 vero
1231 830 1323 891 uxori
1347 829 1447 910 legiti-

154 957 228 1000 mae
263 937 362 1000 fidem
396 939 588 1022 promissam
620 939 759 1002 servabo
794 949 826 1000 et
861 957 1007 1002 amorem
1038 939 1170 1001 Xeneae
1195 940 1260 1022 (97.
1284 935 1337 1018 98.
1365 941 1448 1022 103.)

155 1048 318 1130 repellam.
364 1048 556 1112 Theocritus
571 1049 667 1122 initur
685 1039 868 1130 Daphnidis
891 1048 1033 1111 fabulam
1048 1050 1094 1111 ita
1110 1050 1170 1111 sibi
1195 1048 1296 1115 finxit.
1343 1050 1448 1112 Prima

152 1159 370 1222 adolescentia
393 1159 511 1225 florens
532 1159 671 1221 Naidem
694 1160 873 1241 nympham
897 1161 929 1222 in
962 1159 1203 1222 matrimonium
1237 1159 1328 1221 duxit
1351 1159 1445 1242 (VIII.

151 1269 227 1350 93.)‚
253 1289 351 1352 quam
374 1287 452 1331 vero
474 1289 539 1331 non
561 1278 628 1330 tam
654 1270 862 1333 vehementer
884 1271 1014 1342 amavit,
1031 1279 1074 1331 =ut
1104 1270 1236 1331 Xeneae
1266 1289 1411 1332 amorem
1427 1269 1447 1350 1)

154 1379 288 1440 omnino
312 1379 505 1456 repudiaret.
551 1378 617 1442 Sed
647 1401 720 1442 cum
752 1382 900 1443 castitate
930 1380 1028 1442 nimia
1055 1379 1192 1452 floreret,
1219 1380 1322 1452 uxori,
1348 1400 1446 1461 quam

153 1508 263 1549 amare
292 1489 430 1551 desierat
460 1487 557 1550 fidem
587 1492 779 1569 promissam
811 1491 951 1553 servavit
980 1509 1085 1571 neque
1114 1509 1188 1551 cum
1218 1489 1331 1551 Xenea
1361 1489 1447 1554 coiit.

154 1599 230 1678 Quo
253 1598 374 1661 sactum
398 1609 456 1672 est,
480 1609 516 1662 ut
538 1600 606 1662 eius
631 1601 756 1664 animus
779 1611 912 1682 propter
943 1601 1075 1661 nimium
1100 1619 1245 1661 amorem
1266 1599 1408 1661 insaniae
1422 1601 1447 1680 ⁹)

153 1709 344 1789 caliginibus
368 1709 535 1792 paullatim
559 1711 774 1774 involveretur
796 1721 828 1772 et
850 1712 920 1794 ipse
942 1730 1001 1792 per
1031 1710 1127 1771 silvas
1158 1719 1328 1772 montanas
1351 1729 1447 1790 vaga·

154 1829 250 1880 retur.
299 1819 381 1881 Cum
405 1821 500 1900 igitur
525 1839 629 1900 neque
650 1821 781 1884 Xeneae
805 1841 915 1885 amore
939 1821 1096 1882 frueretur
1119 1828 1152 1882 et
1176 1840 1249 1882 eum
1266 1819 1448 1902 opprimere

153 1929 309 2000 studeret,
345 1939 377 1992 et
412 1930 517 2013 Priapi
552 1940 585 1993 et
608 1930 745 1994 Veneris
780 1952 898 1994 numen
934 1931 1033 1994 laesit.
1091 1931 1204 2012 Itaque
1240 1929 1448 2012 Daphnidem

154 2039 387 2100 moribundum
417 2040 551 2123 Priapus
580 2051 667 2103 recte
695 2040 852 2104 allocutus
882 2050 946 2108 est:
978 2040 1065 2120 Quid
1097 2049 1130 2102 tu
1155 2040 1303 2112 tabescis,
1337 2039 1449 2102 Xenea

154 2158 265 2210 tecum
301 2150 473 2212 convenire
510 2151 583 2224 vult,
617 2160 652 2212 tu
687 2172 765 2213 vero
796 2151 911 2213 stultus
943 2172 1014 2214 eam
1047 2153 1195 2233 repudias
1218 2153 1251 2234 (Ι.
1279 2151 1357 2234 82))
1384 2149 1470 2240 81τάΙ

154 2260 304 2342 Daphnis
338 2260 468 2343 pertulit
502 2281 648 2323 amorem
683 2271 716 2324 et
750 2271 856 2324 castus
888 2263 982 2324 Naidi
1016 2261 1113 2324 lidem
1148 2261 1302 2324 servavit:
1338 2262 1449 2342 itaque

154 2369 289 2431 Xeneae
305 2390 396 2433 amor
411 2371 461 2434 vel
478 2373 638 2432 maximus
655 2371 836 2456 Daphnidis
852 2373 1021 2435 castissimi
1038 2373 1118 2434 illius
1135 2372 1249 2434 mortis
1261 2391 1360 2434 causa
1372 2380 1449 2434 erat.

261 2481 309 2542 Ita
332 2479 525 2544 Theocritus
549 2482 730 2562 Daphnidis
753 2481 894 2544 fabulam
916 2484 977 2544 sibi
1000 2482 1131 2545 finxisse
1155 2483 1280 2544 videtur
1304 2481 1389 2544 mihi.

261 2591 399 2652 Rectam
421 2601 531 2653 autem
557 2592 624 2653 eius
648 2591 775 2655 fabulae
804 2589 1054 2675 explicationem
1078 2593 1211 2675 protulit
1234 2592 1275 2656 Ο.
1292 2591 1451 2654 Ribbeck.

151 2699 171 2762 l.
197 2697 215 2765 l.
240 2701 294 2781 qui
321 2703 618 2781 ›neptunistarumr
645 2703 701 2784 (sic
732 2702 896 2784 appellare
927 2704 1046 2784 placuit
1070 2703 1232 2766 Meinekio
1262 2704 1311 2764 ed.
1338 2702 1448 2782 hymn.

151 2820 186 2873 et
214 2811 314 2892 epigr.
341 2811 417 2873 Call.
441 2813 544 2878 Berol.
575 2815 666 2874 1861.
690 2831 721 2894 p.
745 2805 812 2893 ¹250
835 2823 964 2894 praeter
979 2813 1029 2887 al,
1055 2815 1109 2893 qui
1134 2823 1246 2876 notam
1273 2812 1449 2894 quamdam

150 2920 333 2984 fabularum
375 2922 640 3004 explicandarum
671 2923 828 2985 rationem
863 2925 1095 3008 sequerentur.)
1131 2923 1288 2985 rationem
1321 2929 1449 2984 secutus

151 3029 234 3091 haec
247 3031 288 3092 de
311 3031 485 3113 Daphnide
497 3033 609 3095 statuit
622 3031 664 3114 8);
683 3083 731 3099 ...
758 3034 817 3095 das
837 3033 878 3095 ist
900 3035 951 3096 die
969 3034 1077 3114 eisige‚
1092 3033 1124 3114 gl
1136 3032 1321 3094 anzende
1349 3031 1451 3094 Starr·

153 3139 222 3202 heit
244 3141 302 3202 des
325 3141 559 3225 Aetnagipsels
585 3144 700 3205 dessen
716 3143 959 3206 schmelzender
975 3142 1101 3206 Schnee
1126 3142 1172 3204 als
1194 3140 1448 3205 Gletscherbach

151 3251 216 3312 den
244 3250 378 3332 selsigen
402 3252 547 3334 Abhang
570 3253 766 3326 herabrinnt‚
791 3253 851 3315 wie
875 3255 960 3316 denn
977 3253 1060 3315 auch
1077 3252 1225 3334 Daphnis
1246 3271 1310 3312 von
1327 3252 1448 3316 seinem

153 3361 266 3435 Vater‚
291 3363 366 3424 dem
388 3364 513 3443 Regen-
544 3364 610 3425 und
625 3361 802 3444 Nebelgott¹
826 3363 964 3426 Hermes
975 3363 1001 3447 4)
1033 3362 1160 3426 endlich
1183 3361 1214 3425 in
1239 3362 1333 3424 einen
1353 3361 1449 3441 Quell

153 3471 353 3560 verwandelt
386 3473 497 3535 wirdv.
550 3473 634 3535 Huic
671 3475 800 3553 quidem
833 3474 1041 3556 explicationi
1071 3493 1135 3554 ego
1170 3473 1240 3552 ipse
1274 3472 1371 3550 plane
1402 3491 1449 3532 as-

152 3583 290 3653 sentior:
332 3585 547 3663 comprobare
569 3603 641 3645 eam
665 3585 790 3646 videtur
812 3585 920 3663 ipsum
942 3605 1070 3657 nomen,
1096 3582 1195 3664 quod,
1221 3590 1256 3644 ut
1284 3581 1444 3644 Ribbeck.

266 3885 283 3954 ¹)
305 3887 374 3936 »Das
387 3888 513 3937 Madcben
526 3902 571 3937 aus
584 3888 627 3936 der
641 3889 776 3938 Fremde«:
797 3889 846 3938 hoc
864 3903 949 3938 revera
967 3889 1030 3938 inest
1048 3889 1073 3938 in
1093 3904 1123 3938 ea
1135 3903 1196 3937 voce
1216 3884 1257 3956 (cs.
1271 3886 1303 3937 O.
1322 3885 1446 3938 Ribbeck,

152 3981 254 4045 ephem.
274 3981 370 4029 l‘reuss.
388 3981 473 4044 Jahrb.
493 3981 541 4029 vol.
562 3980 615 4046 32.)
635 3997 715 4045 neque
734 3981 806 4030 video
825 3997 869 4030 cur
886 3982 1036 4032 Fritzschius
1054 3979 1097 4046 (ad
1114 3981 1172 4030 VII.
1194 3979 1247 4046 73.)
1279 3979 1308 4029 C.
1328 3979 1367 4026 Fr.
1388 3978 1448 4027 Her.

150 4089 276 4122 mannum
295 4079 319 4120 et
339 4073 497 4138 Koechlyum
516 4074 549 4122 ita
568 4081 690 4122 vertentes
715 4075 740 4126 in
768 4090 912 4122 errorem
940 4074 1042 4122 fortuita
1070 4089 1115 4121 sua
1141 4071 1304 4121 similitudine
1322 4070 1449 4120 induxisse

152 4180 249 4216 nomen
268 4165 458 4216 Schillerinnum
477 4166 602 4216 statuerit:
622 4176 687 4215 recte
706 4184 721 4215 ο
740 4167 865 4224 Ribbeck,
887 4168 993 4218 servavit
1011 4167 1065 4214 voci
1084 4181 1141 4214 eum
1160 4179 1268 4212 sensum.

263 4255 284 4324 1)
305 4259 363 4310 Hoc
380 4268 445 4309 recte
463 4259 560 4307 monuit
577 4259 683 4309 Ahrens.
701 4260 792 4310 Philol.
812 4260 868 4308 VII.
888 4259 904 4307 l.
924 4261 940 4309 l.

263 4348 283 4420 8)
304 4352 459 4400 Indicavernt
486 4367 541 4400 eam
570 4351 762 4415 explicationem
790 4354 840 4401 iam
859 4350 887 4401 C.
907 4352 948 4400 Fr.
969 4353 1098 4400 Hermann
1126 4345 1203 4413 (etl.
1225 4347 1241 4397 l.
1262 4365 1286 4414 p.
1308 4345 1376 4414 aa),
1405 4346 1448 4411 qui

152 4441 203 4493 sub
217 4443 360 4508 Daphnidis
372 4444 458 4493 sabula
472 4443 541 4492 nives
554 4459 629 4493 verno
642 4454 752 4511 tempore
767 4445 908 4510 linquentes
921 4444 1024 4493 indicari
1037 4452 1106 4493 ratus
1126 4443 1176 4506 ἔβα
1196 4439 1263 4510 ῥόον
1284 4440 1328 4507 (id.
1341 4441 1361 4492 Ι.
1379 4441 1446 4510 140.)

153 4537 328 4601 interpretatur
347 4531 382 4584 ‘in
403 4535 485 4586 undas
504 4535 582 4595 abiit,
602 4532 636 4585 'in
655 4537 750 4586 sontem
769 4546 875 4587 mutares
894 4533 946 4586 est¹.
985 4535 1094 4584 Meinek.
1115 4536 1147 4584 ad
1166 4536 1186 4584 1.
1210 4547 1268 4596 ¹40·

263 4623 282 4696 ⁴)
302 4627 368 4676 Eum
398 4644 452 4678 esse
481 4629 630 4679 Mercurium
660 4629 840 4678 demonstravit
866 4629 893 4678 P.
914 4630 954 4683 W.
974 4629 1183 4678 Forchhammer:
1213 4627 1352 4676 Hellenica.
1380 4639 1399 4674 s.
1423 4642 1445 4674 v.

155 4725 300 4772 ΕΡΜΗΣ.
337 4719 477 4771 Eiusdem:
497 4721 547 4771 Die
565 4723 682 4772 Wander.
703 4721 746 4770 der
764 4721 972 4772 Inachostocbter
991 4723 1019 4770 lo
1038 4721 1105 4770 Kiel.
1129 4718 1201 4769 1881.
1221 4735 1246 4786 p.
1267 4729 1308 4787 35.
1328 4732 1378 4784 seq.
