3500 5498
917 509 960 572 80

290 721 374 784 maei
396 722 458 785 iam
482 721 579 784 fuisse
609 719 650 783 nil
681 731 769 784 vetat
804 743 863 784 nos
893 733 1043 790 statuere.
1098 723 1195 803 Quod
1223 724 1354 807 quidem
1389 721 1450 786 alia
1482 743 1583 785 causa

287 833 414 894 videtur
435 830 656 914 comprobari:
681 851 754 893 nam
778 833 865 912 quod
881 834 961 894 dixit
974 833 1167 896 Theocritus
1183 832 1390 916 Παμφύλοιοί
1406 856 1442 898 τε
1458 840 1581 910 πᾶσι,

290 941 442 1006 θάλασσα
465 941 497 1006 δὲ
519 949 629 1006 παῖσα
644 941 698 1005 καὶ
713 935 767 1005 αἶα
788 945 859 1007 κτλ.
878 943 1046 1025 designare
1064 943 1190 1006 videtur
1204 965 1258 1005 eas
1277 945 1410 1026 quidem
1434 945 1582 1023 regiones

288 1051 474 1116 Ptolemaeo
497 1052 708 1132 Philadelpho
732 1052 831 1133 plane
850 1053 1011 1115 subiectas
1036 1063 1068 1116 et
1089 1053 1222 1115 omnino
1247 1065 1378 1134 pacatas
1402 1074 1482 1118 esse.
1519 1053 1581 1115 Ne·

289 1184 352 1244 que
375 1163 528 1226 audacius
552 1173 693 1226 statuere
723 1163 800 1224 mihi
830 1163 951 1236 videor,
983 1163 1165 1230 Arsinoam.
1196 1163 1394 1237 Berenicam,
1426 1163 1581 1225 Philadel-

288 1273 405 1356 pheam
429 1271 556 1335 Ciliciae
580 1273 683 1346 urbes
702 1273 941 1335 Ptolemaidem
964 1272 1186 1354 Pamphyliae,
1217 1274 1402 1346 Arsinoam,
1429 1273 1583 1335 Pataram

288 1381 410 1461 Lyciae
433 1383 475 1444 ad
498 1382 752 1446 confirmandum
777 1383 1018 1464 Aegyptiorum
1042 1383 1211 1461 imperium
1236 1381 1383 1445 conditas
1414 1394 1484 1445 tum
1518 1383 1582 1444 iam

288 1489 396 1566 fuisse,
422 1493 575 1573 quoniam
592 1494 762 1574 designare
786 1503 818 1554 et
841 1493 979 1554 indicare
997 1493 1144 1554 videntur
1164 1503 1265 1555 terras
1290 1493 1385 1574 plane
1409 1493 1581 1555 subiectas.

287 1599 468 1664 Verisimile
493 1612 601 1664 autem
625 1603 701 1664 mihi
725 1621 790 1665 non
814 1603 948 1675 videtur,
973 1602 1043 1664 eius
1065 1602 1148 1675 belli,
1173 1603 1261 1684 quod
1285 1604 1473 1684 perdecem
1496 1602 1583 1664 dein·

288 1729 365 1793 ceps
388 1731 490 1773 annos
513 1712 645 1774 ductum
668 1721 718 1775 est
740 1713 917 1774 secundum
935 1711 1153 1792 Droysenium
1178 1712 1263 1793 (259.
1288 1715 1357 1774 sive
1382 1715 1581 1791 258.-248.

288 1841 315 1884 a.
341 1819 414 1883 Chr.
440 1822 495 1900 n),
519 1823 625 1904 primo
649 1821 698 1884 vel
721 1822 866 1884 secundo
893 1843 979 1884 anno
1010 1824 1096 1904 (nam
1127 1824 1211 1884 circa
1234 1843 1261 1884 a.
1290 1823 1368 1899 ²⁵⁹ls.
1422 1823 1584 1886 Haulerus

288 1929 507 2011 Droysenium
538 1942 668 1995 secutus
697 1951 826 1994 carmen
859 1933 1077 2014 compositum
1107 1951 1176 2001 esse
1203 1933 1295 2016 vult.)
1326 1942 1377 1996 tot
1407 1944 1584 2015 tantasque

287 2041 468 2122 provincias
490 2042 553 2105 iam
578 2051 782 2125 expugnatas
805 2053 838 2104 et
862 2043 945 2105 adeo
961 2054 1096 2125 pacatas·
1116 2043 1220 2117 luisse,
1245 2052 1280 2104 ut
1294 2043 1384 2105 locus
1408 2043 1457 2105 ille
1474 2043 1584 2106 Theo·

289 2153 407 2214 criteus
430 2153 557 2215 videtur
580 2153 753 2236 postulare.

364 2269 375 2290 '¹
394 2263 438 2344 e.)
462 2263 513 2324 De
538 2264 684 2326 insulis
709 2263 968 2345 Cycladibus
991 2264 1076 2325 idem
1094 2263 1266 2325 dicendum
1284 2273 1333 2325 est
1349 2262 1397 2345 (cf.
1419 2263 1583 2344 Droysen.

286 2373 305 2440 l.
330 2374 348 2439 l.
372 2395 405 2456 p.
438 2389 511 2450 243.
545 2389 617 2452 329.
644 2390 716 2452 344.
749 2375 845 2457 348),
876 2375 1067 2456 praesertim
1099 2392 1173 2435 cum
1205 2373 1371 2436 Patroclus
1405 2373 1585 2436 Ptolemaei

288 2483 398 2548 classis
422 2483 489 2546 dux
512 2485 690 2545 secundum
723 2483 843 2549 Athen.
875 2483 960 2546 XIV.
986 2502 1016 2562 p.
1043 2483 1118 2549 621.
1143 2503 1170 2545 a.
1197 2484 1228 2545 in
1261 2485 1340 2546 mari
1363 2485 1502 2565 Aegaeo
1524 2495 1585 2546 sta·

288 2594 410 2656 tionem
432 2592 581 2656 habuerit
604 2595 689 2656 circa
710 2614 738 2659 a.
766 2595 837 2656 266.
862 2615 889 2656 a.
917 2592 992 2656 Chr.
1010 2614 1050 2664 n..
1076 2615 1096 2656 a
1117 2613 1184 2676 quo
1206 2604 1285 2657 tunc
1309 2593 1448 2657 Sotades
1472 2603 1583 2672 poeta,

288 2704 343 2785 qui
367 2721 478 2786 regem
501 2703 744 2786 Philadelphum
767 2714 800 2766 et
821 2704 995 2766 Arsinoam
1017 2719 1154 2764 uxorem
1178 2705 1584 2786 carminibusperstrinxe·

288 2823 346 2886 rat,
373 2812 485 2888 Cauni,
520 2833 604 2896 quae
634 2824 703 2876 erat
732 2815 834 2876 insula
859 2812 974 2876 Cariae
1004 2816 1110 2886 assita,
1136 2823 1251 2896 captus
1273 2813 1367 2898 est¹).
1414 2815 1584 2895 Quantum

287 2932 455 3006 praeterea
477 2933 552 2986 ante
576 2945 604 2989 a.
630 2926 703 3000 264.
730 2945 757 2986 a.
782 2897 855 2990 Chl.
882 2946 912 2989 n.
939 2925 1093 3006 Aegyptii
1117 2925 1213 2986 etiam
1236 2925 1267 2987 in
1290 2926 1395 2988 Ponto
1428 2925 1586 2986 valuerint

288 3034 430 3098 ostendit
462 3032 648 3115 Stephanus
681 3035 756 3116 By'z.
784 3055 859 3100 su.
884 3027 1027 3118 Ἄγκυρα.
1076 3033 1266 3118 Μιθριδάτῃ
1287 3036 1341 3099 καὶ
1353 3031 1584 3120 Ἀριοβαρζάνῃ

289 3143 445 3227 νεήλυδας
467 3142 545 3219 τούς
569 3143 720 3220 Γαλάτας
752 3145 1020 3228 συμμαχήσαντας
1042 3135 1169 3228 Ιὁιαίξαν
1192 3145 1269 3221 τούς
1291 3140 1357 3210 ὑπὸ
1380 3147 1587 3229 Πτολεμαίου

290 3249 468 3326 σταλέυτας
489 3249 691 3334 Αἰγυπτίους
713 3259 797 3333 κτλ,
832 3277 906 3318 nam
930 3255 1149 3319 Mithridatem
1175 3263 1338 3317 mortuum
1364 3273 1434 3316 esse
1458 3274 1485 3315 a.
1512 3254 1585 3330 264.

290 3381 317 3424 a.
341 3359 415 3426 Chr.
441 3382 470 3427 n.
492 3363 625 3423 omnino
647 3375 783 3431 constat,
831 3365 907 3446 Quo
931 3366 1064 3439 accedit,
1090 3365 1179 3447 quod
1203 3364 1409 3426 Ptolemaeus
1431 3361 1585 3425 Philadel-

290 3471 374 3555 phus
405 3481 475 3534 tum
505 3472 706 3547 Heracleam,
741 3475 928 3549 Amastrim‚
965 3476 1071 3549 Tium,
1097 3475 1335 3537 Cassandream
1365 3475 1469 3547 urbes
1503 3494 1587 3554 quas

289 3580 500 3662 Lysimachus
523 3582 600 3646 olim
623 3583 782 3648 Arsinoae
807 3590 897 3648 uxori
920 3588 1029 3670 (quam
1054 3585 1281 3668 Philadelphus
1303 3606 1331 3648 a.
1357 3585 1429 3650 266.
1453 3605 1480 3645 a.
1507 3583 1583 3651 Chr.

290 3711 320 3757 n.
348 3692 379 3752 in
408 3693 647 3754 matrimonium
678 3694 792 3777 duxit)
815 3696 1000 3769 donaverat,
1032 3717 1134 3777 regno
1162 3715 1222 3758 suo
1252 3696 1416 3776 assignare
1446 3694 1581 3756 studuit.

290 3800 337 3866 Cs.
362 3801 522 3881 Droysen.
548 3824 579 3883 p.
604 3817 678 3881 272.
723 3803 846 3879 Addas,
882 3806 969 3887 quod
994 3805 1152 3886 Ephesus.
1179 3805 1306 3878 Samos,
1338 3804 1403 3866 Cos
1427 3815 1487 3866 etc.
1512 3813 1585 3866 tum

289 3910 486 3994 Philadelphi
510 3922 618 3974 certae
643 3925 732 3975 erant
755 3917 979 3996 possesiones:
1005 3915 1043 3976 cf.
1070 3897 1229 3995 Droysen.
1256 3935 1286 3994 p.
1314 3931 1388 3995 320.
1415 3930 1486 3991 331.
1514 3933 1583 3994 seq.

291 4023 364 4101 380.
389 4021 472 4106 all).

400 4198 418 4268 ¹)
438 4202 530 4252 Athen.
550 4204 566 4252 l.
578 4204 593 4252 l.
615 4199 803 4256 ἐκπλεύσαντα
823 4200 878 4272 γαρ
893 4201 978 4258 αὐτὸν
992 4209 1037 4268 τῆς
1047 4202 1265 4272 Ἀλεξανδρείας,
1287 4201 1323 4262 ὥς
1344 4221 1428 4271 φησιν
1446 4200 1587 4273 'Hyrieus‘-

291 4293 381 4359 δὀος,
411 4295 483 4349 ,καὶ
505 4295 641 4346 δοκοῦντα
662 4297 887 4367 διαπεφευγέναι
908 4295 954 4352 τὸν
974 4299 1118 4350 κίνδυνον·
1140 4295 1243 4366 εἰρήκει
1264 4293 1321 4366 γὰρ
1340 4299 1381 4355 εἰς
1400 4293 1448 4349 τόν
1466 4300 1587 4363 βασιλέα

290 4387 471 4458 Πτολεμαῖον
498 4385 587 4442 πολλα
614 4387 693 4442 daturi
823 4390 985 4459 Πάτροκλος
1005 4387 1053 4445 οὖν
1074 4389 1086 4444 ό
1108 4399 1156 4445 τοῦ
1177 4395 1354 4463 Πτολεμαίου
1384 4388 1534 4460 στρατηγός
1556 4392 1588 4444 εἰε

292 4477 394 4551 Καύνῳ
415 4487 447 4552 τῇ
466 4480 538 4554 νήσῳ
559 4482 655 4550 λαβών
675 4481 759 4538 αὐτόν
784 4487 831 4537 καὶ
851 4489 892 4544 εἰς
908 4490 1032 4558 μολυβῆν
1049 4489 1187 4559 κεραμίδα
1207 4482 1338 4558 ἐμβαλών
1358 4486 1404 4536 καὶ
1426 4481 1588 4554 ιῖναγαγυλν

291 4577 331 4632 εἰς
350 4571 381 4626 αὶ
402 4579 525 4645 πέλαγος
544 4576 747 4632 κατεπόντωσε.

397 4666 417 4736 ²)
437 4670 561 4740 Droysen.
581 4689 605 4738 p.
629 4685 687 4735 242.
708 4691 731 4724 n.
757 4675 864 4726 t:··Es
882 4676 913 4726 ist
935 4676 1060 4740 mdglich,
1088 4675 1146 4726 dass
1164 4675 1307 4738 Antigonus
1333 4674 1397 4722 eben
1420 4673 1479 4738 jetzt
1506 4669 1589 4740 (bello

291 4760 485 4830 Chremonideo)
513 4764 623 4814 mehrere
642 4767 685 4815 dcr
702 4767 882 4832 kykladisehen
902 4768 986 4816 luselu
1006 4769 1030 4816 in
1050 4769 1128 4818 Besitz
1148 4769 1241 4832 nabin,
1267 4767 1333 4816 doch
1359 4768 1427 4816 kann
1446 4767 1499 4814 dies
1519 4769 1588 4820 auch
