3500 5498
911 467 950 512 10

282 669 387 730 diruta
397 665 419 750 ¹)
441 688 509 730 una
532 689 606 731 cum
631 667 739 730 multis
761 667 885 730 civibus
910 668 941 736 in
965 663 1101 728 insulam
1125 644 1195 726 Con
1218 661 1390 744 emigravit
1410 665 1520 747 ibique
1542 665 1581 727 ci-

281 779 416 840 vitatem
432 779 560 860 accepit
574 774 609 860 2).
642 777 706 868 ‘Ex
722 797 785 859 qua
802 797 835 844 re
851 785 937 838 recte
953 774 1148 837 concludere
1170 773 1248 835 mihi
1273 773 1394 848 videor,
1419 774 1582 838 Philinam

282 887 329 951 Co
362 888 426 950 hoc
450 908 571 950 novum
602 888 845 950 matrimonium
877 887 983 948 iniisse
1014 885 1121 966 itaque
1144 893 1221 965 post
1245 884 1449 964 Praxagorae
1474 885 1579 947 mariti

283 1007 422 1061 mortem
445 1019 519 1059 cum
543 996 719 1060 Theocrito
743 995 879 1079 puerulo
903 996 934 1057 in
958 994 1094 1057 insulam
1117 993 1266 1076 patriam,
1296 994 1352 1056 ubi
1382 1004 1473 1058 erant
1495 1005 1582 1058 certe

280 1107 370 1170 multi
388 1105 500 1169 affines
517 1117 550 1169 et
568 1105 810 1186 consanguinei,
827 1103 1069 1184 commigrasse.
1117 1104 1192 1166 Hoc
1216 1113 1316 1185 negat
1331 1125 1362 1170 v.
1380 1105 1409 1167 d.
1426 1091 1580 1188 H01m³j2

279 1219 342 1280 Mir
363 1218 489 1278 scheint
511 1215 677 1288 uielmehr,
702 1214 813 1295 inquit,
839 1213 922 1275 auch
945 1214 1003 1275 der
1027 1214 1131 1276 Name
1155 1213 1351 1276 Simichidas
1373 1215 1429 1277 aul
1450 1214 1581 1277 Sicilien

281 1326 505 1388 hinzuweisen.
553 1325 762 1406 Wenigstens
786 1323 914 1386 kommt
937 1321 1100 1388 Simichos
1134 1326 1256 1387 moines
1279 1324 1426 1387 Wissens
1450 1345 1511 1387 nur
1534 1325 1581 1388 als

279 1437 457 1498 sikilischer
479 1436 583 1498 Name
613 1455 673 1498 vor
704 1433 750 1495 als
779 1434 837 1494 der
866 1434 953 1496 eines
981 1433 1153 1515 allerdings
1184 1434 1389 1497 sabelhasten
1404 1434 1580 1515 Tyrannen

280 1567 345 1608 von
377 1546 554 1628 Centuripa
589 1546 642 1608 bei
671 1543 830 1626 Porphyr.
868 1543 922 1608 vit.
958 1543 1052 1625 Pyth.
1085 1561 1137 1609 21.
1185 1545 1289 1607 Hiezu
1322 1544 1451 1608 kommt
1485 1547 1580 1620 noch,

281 1656 356 1718 dass
380 1656 424 1718 im
449 1671 476 1736 7.
500 1655 582 1736 ldyll
605 1654 649 1716 im
666 1652 797 1716 Ganzen
822 1653 888 1715 drei
913 1674 1173 1734 angenommene
1195 1655 1321 1718 Namen
1346 1655 1581 1722 vorkommen:

280 1765 431 1846 Lycidas,
461 1765 626 1838 Sicelidas,
661 1763 865 1830 Simichidas.
922 1765 970 1826 Ea
1005 1765 1137 1845 quidem
1162 1763 1312 1827 Holmius
1344 1763 1422 1827 false
1452 1765 1583 1833 statuit.

282 1851 397 1956 Neque
421 1877 507 1937 enim
531 1875 713 1946 scholiasta,
738 1874 796 1938 nisi
824 1873 931 1935 sontes
954 1873 1131 1936 adfuissent
1160 1875 1284 1957 optimi,
1310 1895 1349 1937 ea
1372 1894 1456 1955 quae
1480 1896 1579 1956 supra

282 1985 436 2046 adnotavi
460 2005 611 2066 quaeque
635 1985 722 2046 nullo
750 1984 850 2045 modo
878 1985 1127 2064 grammaticum
1151 2006 1169 2047 e
1191 2005 1277 2047 vano
1306 1984 1507 2048 haurientem
1531 1985 1582 2048 vel

281 2095 387 2155 inania
410 2102 443 2155 et
467 2094 576 2176 inepta
598 2094 810 2157 hariolantem
834 2094 973 2176 sapiunt,
998 2093 1167 2160 attulisset.
1214 2095 1384 2158 Praeterea
1407 2116 1474 2158 vox
1490 2095 1581 2159 Simi-

281 2204 361 2267 chos
385 2203 436 2266 uel
452 2203 658 2280 Simmichos,
684 2223 782 2286 quam
807 2204 943 2266 formam
960 2206 1168 2269 commendat
1190 2205 1294 2268 vitrici
1317 2205 1412 2286 origo
1427 2206 1583 2270 Boeotica

281 2323 314 2376 et
337 2312 406 2375 libri
430 2314 548 2395 partim
572 2323 702 2378 tuentur
726 2315 778 2398 (cl.
802 2314 930 2377 Ahrens
954 2315 991 2377 Il.
1017 2333 1049 2394 p.
1076 2315 1146 2394 516.
1173 2316 1265 2396 seq.),
1290 2335 1365 2377 cum
1388 2317 1528 2398 Σιμμίας
1550 2326 1584 2379 et

284 2425 354 2486 sim.
379 2423 567 2506 saepissime
583 2423 775 2508 legantur4),
799 2425 980 2499 Boeotiam,
999 2425 1084 2488 unde
1104 2434 1174 2487 erat
1187 2425 1353 2489 Theocriti
1371 2426 1511 2501 vitricus
1526 2447 1581 2509 op·

281 2536 359 2597 time
384 2535 541 2616 designat.
588 2535 752 2598 Simichae
785 2555 917 2616 quoque
950 2555 1079 2610 nomen,
1104 2555 1187 2616 quae
1211 2536 1410 2599 Archelaum
1432 2536 1582 2602 Macedo

282 2665 359 2706 num
376 2665 488 2726 regem
504 2642 664 2728 peperit⁵)
689 2664 794 2727 neque
810 2653 968 2726 quantum
993 2645 1089 2708 video
1107 2644 1214 2708 Sicula
1237 2655 1316 2720 erat,
1342 2648 1460 2710 eodem
1478 2647 1582 2710 Marte

281 2764 380 2837 atque
404 2754 554 2817 Holmius
579 2755 758 2819 Simichum
782 2754 928 2842 prolerre
949 2775 1135 2838 possumus.
1182 2754 1242 2818 Cui
1266 2777 1345 2820 vero
1369 2758 1583 2839 persuadebit

281 2865 362 2926 haec
377 2864 500 2926 Holmii
516 2865 734 2930 ratiocinatio:
760 2865 801 2926 de
817 2863 962 2928 Simicho
985 2874 1124 2947 tyranno
1140 2866 1284 2946 quodam
1301 2865 1429 2930 fabulae
1452 2877 1582 2930 narrant

282 2974 417 3048 Siculae,
444 2995 523 3055 ergo
546 2984 596 3038 est
619 2974 699 3037 alter
721 2974 891 3048 Simichus,
917 2976 971 3055 qui
996 2976 1156 3039 invenitur
1187 2976 1219 3038 in
1246 2975 1343 3040 literis
1374 2978 1515 3058 graeciS,
1550 2988 1583 3041 et

282 3087 350 3167 ipse
374 3085 515 3151 Siculus!
542 3124 580 3134 —
603 3084 680 3147 Tria
710 3084 841 3147 nomina
865 3085 940 3148 ficta
963 3085 1004 3150 id.
1022 3085 1091 3148 Vll.
1119 3087 1285 3150 continere
1308 3086 1459 3150 Holmius
1481 3107 1580 3170 porro

281 3195 425 3276 scripsit:
450 3195 508 3258 sed
533 3195 618 3256 unde
641 3195 700 3256 scit
724 3194 921 3258 Simichidae
946 3216 1066 3258 nomen
1095 3205 1163 3259 este
1192 3195 1323 3260 fictum?
1354 3197 1456 3261 immo
1479 3198 1579 3262 schol.

282 3310 544 3388 πατρωνυμικῶς
568 3324 642 3366 eum
662 3304 858 3386 appellatum
876 3325 946 3367 esse
962 3315 1048 3369 recte
1072 3307 1160 3372 dicit.
1204 3307 1287 3370 Nam
1303 3305 1329 3369 si
1345 3327 1459 3371 revera
1473 3306 1581 3371 Theo-

282 3415 380 3487 critus
403 3414 533 3477 nomine
558 3412 635 3475 ficto
658 3413 758 3477 καθὸ,
771 3413 862 3496 σιμὸς
875 3408 915 3499 ἦν
939 3434 1010 3477 sese
1027 3415 1192 3498 appellare
1206 3417 1371 3492 voluisset,
1397 3419 1466 3480 sine
1481 3419 1581 3482 dubio

281 3545 316 3586 se
340 3534 491 3586 vocasset
512 3525 630 3605 Σιμίας
653 3524 704 3586 vel
727 3527 868 3608 Σιμμίας
884 3525 936 3586 vel
950 3526 1111 3608 Σιμίὸας..
1142 3527 1282 3589 Nomine
1304 3527 1390 3590 enim
1417 3528 1580 3592 ›Simichi-

283 3635 359 3695 das‹
386 3654 515 3716 semper
531 3654 566 3696 se
588 3633 723 3696 Coensis
746 3635 827 3696 illius
843 3635 900 3696 viri
916 3635 1017 3697 filium
1033 3635 1245 3717 designasset.
1283 3638 1454 3719 Praeterea
1470 3649 1581 3702 autem

280 3743 434 3816 Philetae‚
458 3743 561 3817 Arati,
585 3743 625 3808 al.
650 3743 782 3806 nomina
799 3753 886 3806 recta
901 3745 1077 3807 afferuntur
1099 3746 1131 3808 in
1153 3747 1217 3809 hoc
1232 3747 1356 3827 idyllio:
1383 3749 1469 3813 nulla
1484 3751 1581 3834 igitur

391 4004 410 4072 ¹)
428 4005 467 4055 Cl.
488 4006 517 4054 C.
538 4005 569 4054 O.
590 4006 703 4068 Mueller,
723 4006 843 4057 Orchom.
866 4025 889 4072 p.
914 4021 969 4057 121.
990 4024 1059 4074 seqq.

388 4096 408 4167 ²)
429 4099 487 4161 Quo
505 4105 618 4162 spectant
643 4113 727 4147 versus
745 4099 778 4148 id.
798 4099 866 4149 XVI.
890 4113 947 4162 104.
971 4117 1041 4166 seq:
1071 4095 1092 4151 ui
1112 4099 1284 4155 'Errdxlaror
1303 4100 1444 4174 θύγατρες
1462 4111 1537 4173 θεαί,
1558 4103 1579 4160 u}

280 4186 418 4242 Μινύειον
437 4187 445 4260 ll
465 4186 646 4259 ’Θρχομινόν
668 4191 820 4256 paliurum,
841 4189 1043 4263 α’πεχθόμενόν
1062 4213 1128 4247 ποτε
1153 4193 1267 4262 Θήβαις.
1288 4200 1320 4249 cf.
1341 4199 1480 4250 Hauler.l.
1499 4202 1516 4251 1.

387 4283 409 4350 ³)
429 4284 521 4332 Holm:
543 4283 694 4346 Geschichte
713 4283 826 4336 Siciliens
844 4287 879 4336 im
898 4288 1049 4350 Alterthum,
1069 4290 1153 4355 Leipz.
1178 4289 1244 4353 1874
1262 4291 1313 4341 vol.
1334 4291 1359 4340 11
1377 4309 1402 4357 p.
1422 4302 1482 4356 495.
1520 4295 1582 4344 Res-

279 4376 395 4440 publicae
413 4384 467 4425 tum
479 4375 505 4423 in
518 4391 547 4424 ea
560 4375 641 4425 insula
656 4373 809 4444 (Agothocle
821 4378 977 4449 dominante)
999 4381 1072 4430 valde
1085 4384 1243 4447 perturbatae
1256 4392 1340 4433 erunt:
1361 4400 1417 4433 eam
1430 4386 1464 4435 ob
1477 4402 1580 4438 causum

279 4467 399 4517 Timaeus
419 4483 526 4533 quoque,
546 4476 573 4516 ut
595 4468 657 4518 ulios
676 4469 797 4532 omittam,
817 4472 925 4522 insulam
945 4474 1052 4538 reliquit.

386 4555 406 4626 ⁴)
427 4559 465 4608 Cf.
485 4559 551 4608 Keil.
577 4559 690 4625 Inscript.
711 4561 798 4611 Boeot.
818 4580 842 4627 p.
864 4575 923 4628 239.
960 4565 1043 4634 Pupe:
1065 4566 1198 4620 Onomast.
1217 4567 1248 4620 al.

388 4648 407 4720 ὁ)
429 4652 466 4700 Cs.
486 4653 584 4702 Aelian.
608 4653 639 4703 V.
663 4653 697 4702 11.
725 4667 762 4706 12.
782 4667 825 4733 43.
