3500 5498
148 698 193 779 (p.
219 697 335 780 XXV.)
358 708 390 760 et
412 697 538 762 Couatii
565 700 612 779 (p.
644 699 703 782 ιι.)
728 699 897 780 opiniones
927 697 970 758 ita
1001 697 1124 776 optime
1155 697 1334 762 consociari
1363 698 1442 761 mihi

148 809 307 880 videntur,
332 818 368 871 ut
390 809 601 892 Apollonium
626 811 665 874 ol.
697 826 765 889 133.
792 811 929 890 primam
952 807 1250 889 Argonauticorum
1266 809 1442 872 editionem

146 917 261 982 fecisse
285 928 483 984 statuamus:
506 920 614 1001 itaque
636 919 722 983 haud
747 920 900 981 audacius
924 918 1063 981 scribere
1086 917 1162 980 mihi
1185 917 1305 992 videor,
1324 919 1441 982 eodem

148 1028 214 1091 lere
238 1039 387 1109 tempore
411 1033 450 1108 (a.
479 1032 551 1108 248.
577 1051 605 1092 a.
634 1030 707 1093 Chr.
733 1030 779 1112 n.)
808 1030 1033 1111 composuisse
1056 1027 1264 1092 Theocritum
1296 1030 1439 1111 idyllium

148 1140 219 1206 Vll.
275 1141 326 1203 Eo
357 1149 465 1202 autem
498 1149 647 1223 tempore
675 1139 868 1204 Theocritus
902 1158 1065 1201 summum
1107 1159 1247 1220 poeseos
1277 1139 1441 1219 fastigium

145 1251 212 1314 iam
236 1251 427 1314 ascenderat
449 1261 482 1327 et
506 1251 537 1314 in
561 1251 764 1313 nobilissimis
787 1250 893 1332 poetis
918 1248 1144 1312 Alexandrinis
1178 1260 1265 1313 recte
1299 1229 1442 1312 numera-

146 1363 258 1425 batur:
283 1363 372 1423 cuius
395 1362 441 1424 rei
465 1362 570 1444 ipsum
594 1361 655 1424 sibi
686 1361 850 1424 conscium
879 1358 974 1422 luisse
1004 1360 1218 1442 comprobare
1240 1361 1367 1424 videtur
1396 1381 1442 1426 vs,

145 1488 206 1551 93:
231 1470 276 1536 τά
290 1493 356 1536 που
378 1472 432 1536 καὶ
447 1469 554 1555 Ζηνὸς
568 1468 622 1535 ἐπὶ
644 1469 770 1555 θρόνον
784 1462 881 1554 ἄγαγε
897 1468 1000 1553 φάμα,
1022 1470 1118 1534 scilic.
1136 1491 1209 1534 urea
1225 1472 1366 1534 carmina
1381 1471 1442 1550 ipsi

148 1581 218 1652 lovi
242 1591 320 1644 nota
342 1590 432 1663 sunt;
458 1591 507 1644 est
530 1580 582 1643 hic
605 1583 674 1643 sine
698 1581 798 1644 dubio
815 1581 1022 1644 Ptolemaeus
1038 1580 1275 1664 (Philadelphus
1284 1580 1318 1663 l),
1345 1601 1442 1660 quem

150 1693 249 1755 etiam
266 1689 480 1754 Callimachus
498 1691 622 1772 hymno
639 1692 670 1753 in
687 1692 796 1753 Iovem
821 1691 865 1753 ita
889 1690 1038 1754 celebrat.
1055 1689 1103 1772 Cf.
1122 1691 1146 1752 F
1148 1690 1271 1754 ritzsch.
1299 1691 1342 1752 ad
1365 1690 1396 1752 h.
1423 1690 1441 1752 l.

255 1802 310 1864 Ad
338 1801 500 1864 Theocrit.
532 1803 605 1868 Vll.
636 1816 687 1880 45.
718 1821 808 1883 seqq.
835 1801 991 1886 Merkelio
1013 1823 1044 1883 p.
1068 1801 1198 1864 XXVII.
1239 1801 1298 1882 (eui
1321 1809 1443 1863 rectam

148 1933 221 1976 esse
245 1911 432 1996 opinionem
455 1931 546 1974 suam
571 1933 636 1974 non
661 1912 815 1993 constitit)
839 1921 985 1993 spectare
1013 1912 1162 1974 videntur
1184 1911 1290 1993 Apoll.
1315 1912 1441 1991 Argon.

150 2023 173 2085 I.
202 2038 282 2102 737:
312 2019 348 2084 ἐν
371 2016 476 2085 δ’ἔσαν
498 2017 656 2106 Ἀντιόπης
672 2016 843 2096 λίσωπίδος
867 2018 930 2085 υἱέε
952 2019 1038 2098 δοιώ,

302 2127 445 2214 Ἀμφίων
468 2133 522 2196 καὶ
544 2135 665 2217 Ζῆθος·
689 2128 885 2216 ἀπύργωτος
908 2127 983 2196 δ’ίτι
1008 2131 1097 2215 Θήβη

310 2255 399 2307 κεῖτο
420 2241 529 2320 πέδας,
553 2245 612 2326 τῆς
635 2237 700 2326 οἵγε
725 2242 799 2307 νέον
820 2241 983 2322 βάλλοντο
1006 2241 1156 2324 δομαίους

312 2351 438 2436 ἱέμενοι.
485 2355 596 2437 Ζῆθος
619 2352 678 2436 μὲν
701 2351 875 2436 ἐπωμαδὸν
898 2350 1052 2436 ἠέρταζεν

311 2460 424 2546 οὔρεος
448 2461 614 2546 ἠλιβάτοιο
635 2461 730 2548 κάρη,
752 2461 900 2547 μογέοντι
923 2459 1043 2537 ἐοικώς.

301 2568 443 2655 Ἀμφίων
466 2569 547 2637 δίπι
570 2568 601 2638 ol
620 2571 739 2657 χρυσέῃ
762 2570 915 2658 φόρμιγγι
929 2574 1094 2657 λιγαίνων

313 2679 370 2766 ἤιε,
395 2683 442 2758 δὶς
463 2683 565 2768 τόσση
588 2683 620 2748 δε
642 2677 711 2766 μετ’
734 2680 818 2766 ίχνια
841 2684 969 2750 νίσσετο
990 2682 1100 2767 πέτρη.

264 2821 403 2894 »Habes
433 2821 544 2903 inquit,
570 2821 828 2884 aedificationem
860 2823 928 2903 (sed
953 2821 1075 2903 urbisl),
1105 2820 1208 2884 habes
1236 2818 1349 2906 οίίρεος
1381 2819 1443 2906 ἠλι·

146 2930 265 3010 βάτοιο
285 2931 380 3015 κάρη,
405 2931 507 2994 habes
530 2931 726 2995 locutionem
750 2931 980 3024 Theocriteam
1010 2930 1160 3013 μογέοντι
1187 2929 1310 3008 ἐοικώς,
1343 2931 1445 2994 habes

149 3041 337 3122 allegoriam
364 3062 428 3103 non
452 3042 643 3115 abstrusam,
678 3043 742 3104 duo
767 3063 840 3104 cum
872 3041 993 3103 iaciant
1022 3040 1117 3113 idem,
1143 3061 1207 3104 non
1231 3063 1301 3105 esse
1325 3043 1443 3107 idem«.

149 3151 246 3231 Quae
268 3151 294 3212 si
318 3141 404 3216 recte
428 3172 499 3214 sese
523 3151 654 3226 habent,
679 3153 768 3234 quod
793 3151 868 3214 mihi
885 3151 1017 3234 quidem
1040 3161 1257 3224 non-constat,
1276 3173 1326 3215 res
1351 3151 1444 3214 facile
1470 3229 1474 3236 ι

150 3264 198 3323 ita
224 3261 374 3343 explicari
397 3270 515 3341 potest,
547 3271 581 3323 ut
612 3283 649 3324 ea
674 3263 737 3323 iam
770 3261 905 3343 primam
937 3261 1232 3342 Argonauticorum
1269 3263 1445 3324 editionem

148 3371 346 3433 continuisse
370 3372 542 3454 ipsumque
566 3381 699 3454 poetam
724 3372 755 3434 in
786 3380 959 3451 poetarum
989 3371 1163 3434 certamine
1193 3371 1334 3453 publico
1360 3391 1443 3453 quae

149 3480 379 3544 Alexandreae
409 3481 506 3544 luisse
540 3482 707 3544 contendit
730 3480 853 3554 Couat,
887 3482 1038 3543 recitasse
1062 3490 1094 3543 et
1117 3480 1327 3544 Theocritum
1360 3480 1445 3544 hunc

151 3587 259 3652 locum
293 3590 537 3654 celeberrimum
570 3612 666 3664 sane,
702 3611 775 3654 cum
812 3591 991 3654 imitaretur
1012 3590 1206 3670 Apollonius
1235 3591 1369 3654 Homeri
1394 3593 1445 3654 de-

150 3700 363 3779 scriptionem
386 3701 468 3762 scuti
492 3701 633 3775 Achillis,
658 3700 854 3781 significasse
878 3695 959 3784 (ὅσοι
984 3701 1061 3765 ποτὶ
1083 3703 1168 3764 Χῖον
1189 3697 1300 3765 ἀοιδόν
1322 3699 1330 3789 ll
1349 3698 1446 3768 άντία

149 3809 371 3893 κοκκύζοντες
387 3807 505 3874 ἐτώσια
520 3812 734 3894 μοχθίζοντα.)
749 3819 938 3872 statuamus.
971 3809 1037 3873 Sed
1053 3830 1103 3872 res
1116 3810 1286 3895 perspicua
1303 3833 1368 3874 non
1386 3821 1442 3874 est.

257 3921 383 3982 Eorum
407 3921 502 4002 igitur
527 3940 610 4000 quae
634 3919 739 3983 adhue
755 3921 916 4003 disputavi
940 3940 1067 3983 summa
1083 3921 1165 3982 haec
1188 3929 1245 3982 est.
1293 3920 1445 3984 Theocri-

149 4041 204 4094 tus
233 4030 404 4112 pueritiam
437 4031 559 4111 degens
582 4030 631 4094 Co
660 4031 782 4094 amicus
812 4042 880 4092 erat
904 4031 1006 4107 Arati,
1030 4029 1237 4106 Phrasidami,
1262 4030 1444 4112 AntigeniS,

149 4141 299 4214 aliorum,
325 4161 408 4222 quos
432 4138 607 4224 appellavit
629 4141 661 4203 in
689 4141 730 4202 id.
754 4141 835 4214 VH„
860 4139 1034 4224 discipulus
1056 4159 1135 4202 vero
1159 4139 1307 4204 Philetae
1331 4152 1364 4205 et
1385 4142 1445 4204 As·

148 4249 315 4332 clepiadis.
340 4250 421 4313 Cum
439 4260 548 4313 autem
564 4270 604 4312 eo
620 4259 769 4332 ternpore
785 4249 833 4313 Co
858 4250 998 4312 carmina
1015 4249 1162 4312 bucolica
1178 4249 1242 4313 iam
1257 4261 1446 4313 canerentur

149 4370 184 4424 et
220 4361 355 4423 canendi
380 4361 554 4424 certamina
588 4359 702 4423 Siculis
746 4360 921 4441 antiquitus
955 4360 1086 4442 propria
1109 4359 1289 4424 Coensibus
1313 4382 1445 4445 quoque

148 4471 333 4552 gratissima
364 4481 482 4546 essent,
506 4469 699 4533 Theocritus
734 4489 799 4531 una
833 4489 906 4532 cum
936 4469 1047 4531 amicis
1083 4469 1136 4534 illo
1160 4491 1298 4553 poeseos
1327 4491 1446 4551 genere

148 4581 271 4644 incensi
296 4590 463 4663 pastorum
486 4580 687 4643 vestimentis
711 4580 812 4641 induti
841 4600 900 4670 per
930 4599 1026 4660 agros
1048 4559 1081 4642 et
1110 4580 1207 4643 silvas
1239 4580 1446 4659 vagabantur

150 4701 184 4754 et
210 4710 303 4752 veros
336 4702 484 4771 pastores
520 4690 682 4751 imitantes
716 4690 857 4778 carmina
894 4690 1041 4754 bucolica
1076 4690 1220 4752 certatim
1257 4690 1443 4754 recitabant.
