3500 5498
838 494 1048 596 -,-66-.

294 705 395 789 (quod
431 708 551 773 bellum
585 707 765 793 appellatur
798 708 1090 792 Chremonideum),
1127 719 1284 793 quantum
1319 711 1423 792 potuit
1456 689 1588 771 adiuvit.

294 817 406 900 Atque
441 842 513 882 curn
548 830 715 905 praeterea
744 817 946 892 Alexander,
974 820 1192 884 Molossorum
1227 841 1284 882 rex
1320 819 1520 892 fortissimus,
1557 819 1590 878 in

295 929 401 1009 ipsam
425 930 651 992 Macedoniani
676 929 891 1004 incursionem
916 929 1035 992 faceret
1057 931 1230 1009 omniaque
1254 931 1436 992 devastaret
1460 939 1492 990 et
1514 927 1589 990 Cra·

295 1039 364 1110 teri,
402 1037 704 1119 fratrisAntigoni,
740 1037 822 1099 filius
852 1039 1046 1114 Alexander,
1083 1059 1179 1121 quem
1211 1038 1366 1102 Corintho
1403 1047 1435 1100 et
1469 1037 1590 1100 insulae

295 1147 452 1210 Euboeae
475 1147 683 1229 praefecerat.
708 1158 743 1209 ut
766 1147 845 1210 alios
868 1147 919 1210 hic
943 1149 1090 1211 omittam
1113 1157 1278 1230 tyrannos,
1304 1147 1481 1220 defecisset,
1507 1147 1588 1229 peri·

295 1257 403 1318 culum
427 1259 511 1319 adeo
534 1268 666 1320 auctum
691 1269 740 1319 est
764 1258 940 1338 Antigon0,
968 1268 1002 1320 ut
1026 1260 1135 1321 omnia
1159 1260 1291 1340 quidem
1315 1277 1397 1338 quae
1421 1258 1474 1318 diu
1500 1258 1586 1338 cogi·

294 1368 393 1429 tando
419 1377 450 1429 et
480 1368 655 1449 prudenter
684 1369 812 1447 agendo
843 1369 1032 1449 perfecerat,
1057 1391 1075 1431 e
1100 1370 1207 1431 medio
1240 1367 1373 1430 sublata
1396 1367 1458 1429 iam
1487 1367 1588 1428 videri

293 1487 436 1559 possent.
484 1477 548 1539 lter
577 1479 662 1540 enim
692 1488 843 1540 terrestre
867 1499 885 1539 e
908 1478 1104 1550 Macedonia
1136 1480 1166 1542 in
1189 1463 1339 1542 Atticam⁴
1365 1478 1406 1539 ab
1440 1476 1588 1539 hostibus

294 1588 499 1650 interclusum
515 1598 583 1650 erat
599 1597 631 1651 et
648 1598 816 1671 praeterea
831 1588 1011 1662 Patroclus,
1036 1587 1235 1669 Philadelphi
1252 1588 1440 1660 nauarchus,
1466 1607 1587 1666 magno

295 1698 427 1759 navium
451 1717 586 1760 numero
611 1699 715 1760 sinum
740 1697 933 1760 Saronicum
958 1709 991 1762 et
1014 1719 1102 1761 mare
1131 1699 1269 1760 vicinum
1302 1698 1481 1762 obtinebat.
1527 1697 1588 1760 Re·

295 1809 355 1869 bus
379 1818 445 1869 tarn
468 1809 602 1892 trepidis
621 1808 789 1888 Antigono
812 1809 844 1869 id
867 1810 1039 1890 praecipue
1062 1809 1224 1890 agendum
1248 1818 1324 1880 erat,
1351 1817 1386 1870 ut
1402 1807 1587 1888 Aegyptios

294 1918 470 1999 repelleret.
517 1919 638 1982 Eorum
665 1919 749 1979 enirn
774 1919 892 1980 auxilio
923 1919 981 1980 nisi
1004 1918 1222 1980 Athenienses
1251 1919 1493 1989 rebellaverant,
1519 1917 1586 1978 Mo*

294 2027 370 2089 lossi
395 2028 425 2089 in
449 2028 676 2090 Macedoniam
700 2028 896 2089 invasionem
921 2028 1071 2101 fecerant,
1098 2028 1292 2102 Alexander,
1318 2027 1464 2090 Corinthi
1487 2027 1586 2088 dorni·

295 2123 363 2210 nu‘s,
389 2138 560 2200 defecerat.
608 2137 719 2216 Atque
743 2157 815 2228 curn
841 2159 925 2200 nova
948 2138 1144 2220 Philadelphi
1168 2138 1276 2199 classis
1300 2139 1363 2200 iam
1386 2138 1586 2208 adventaret,

298 2257 333 2309 nt
355 2267 426 2308 curn
451 2247 587 2310 Patrocli
612 2249 783 2310 coniuncta
806 2267 857 2309 res
881 2269 978 2331 quam
1003 2248 1167 2310 celerrime
1191 2247 1352 2310 adfinem
1384 2247 1585 2328 perduceret,

211 2392 214 2398 ·
294 2357 463 2438 Antigono
486 2358 662 2440 periculum
687 2358 770 2421 adeo
795 2368 924 2420 auctum
950 2367 1007 2430 est,
1034 2371 1068 2421 ut
1092 2359 1151 2420 nisi
1174 2357 1286 2421 hostes
1315 2357 1487 2421 devicisset
1520 2377 1585 2418 om-

220 2447 221 2452 *
294 2468 346 2528 nia
370 2467 572 2545 perdidisset.
617 2469 728 2547 Atque
753 2468 872 2541 devicit
895 2469 1026 2549 quidem
1049 2468 1236 2549 Aegyptios
1261 2487 1371 2549 pugna
1394 2466 1446 2529 illa
1468 2467 1586 2548 gravis-

293 2577 375 2638 sima
398 2578 484 2656 apud
509 2578 645 2640 insulam
669 2577 747 2650 Con,
774 2597 837 2656 qua
861 2579 993 2640 victoria
1017 2599 1067 2639 res
1091 2579 1174 2640 adeo
1199 2586 1418 2640 commutatae
1442 2587 1526 2652 sunt,
1552 2586 1587 2638 ut

293 2695 326 2748 et
360 2686 508 2780 Athenas
548 2698 750 2769 expugnaret
791 2698 822 2750 et
864 2689 1003 2767 reliquos
1038 2687 1152 2751 hostes
1192 2688 1339 2751 facillime
1374 2687 1584 2769 opprimeret.

294 2798 367 2859 Fuit
397 2817 435 2859 ea
459 2798 566 2860 clades
589 2797 799 2880 Philadelpho
832 2797 897 2860 fere
927 2797 1048 2864 fatalis:
1081 2819 1155 2860 nam
1186 2799 1301 2860 eodem
1334 2800 1482 2879 tempore
1512 2817 1585 2858 eum

294 2907 458 2969 Antiocho
482 2928 622 2990 quoque,
649 2907 760 2990 Syriae
784 2906 871 2987 rege,
905 2917 938 2970 et
960 2908 1067 2989 Maga,
1093 2908 1239 2988 Cyrenae
1264 2907 1405 2978 domin0,
1437 2904 1586 2982 bellavit,

294 3017 325 3078 id
341 3017 414 3079 dico
431 3017 560 3091 bellum,
586 3020 674 3100 quod
690 3028 823 3080 vocatur
839 3017 958 3098 Syrum
982 3020 1131 3100 primum.
1179 3016 1363 3080 Antiochus
1380 3017 1465 3078 enirn
1482 3016 1585 3077 victor

292 3129 449 3210 processit
465 3128 727 3208 Damascumque
750 3130 957 3210 expugnavit,
981 3129 1092 3210 Magas
1109 3129 1333 3190 Paraetonium
1358 3127 1443 3206 cepit
1466 3135 1498 3186 et
1522 3125 1585 3186 late

292 3257 484 3319 progressus
508 3249 564 3310 est,
589 3240 740 3320 quoniam
765 3239 939 3301 Ptolemaei
964 3238 1073 3302 classis
1098 3259 1139 3300 ex
1163 3259 1200 3300 ea
1224 3237 1357 3299 victoria
1382 3255 1485 3314 neque
1510 3235 1584 3296 litus

220 3429 223 3436 ,
293 3345 509 3427 Cyrenaicum
553 3348 721 3411 devastare
763 3369 866 3430 neque
901 3351 996 3411 urbes
1031 3349 1206 3411 maritimas
1242 3365 1431 3428 expugnare
1466 3345 1581 3427 potuit.

293 3456 399 3518 Immo
421 3455 646 3539 Philadelphus
670 3479 743 3520 cum
768 3459 865 3538 Maga
888 3479 1001 3541 pacem
1026 3460 1104 3520 inire
1134 3477 1274 3538 eumque
1296 3453 1441 3536 Cyrenae
1472 3473 1582 3534 regem

291 3558 468 3646 agnoscere
492 3569 544 3650 (ea
568 3588 647 3651 pace
669 3569 831 3650 Euergeti,
855 3550 1054 3651 Philadelphi
1078 3567 1153 3640 filio,
1178 3567 1340 3637 Berenice,
1366 3564 1482 3646 Magae
1506 3562 1580 3638 filia,

292 3678 454 3758 desponsa
475 3679 553 3759 est),
588 3677 755 3760 Ephesum
779 3679 939 3741 dimittere
962 3689 994 3740 et
1023 3678 1179 3751 Caunum,
1209 3695 1308 3760 quarn
1340 3682 1436 3737 antea
1460 3694 1582 3756 expug-

292 3796 434 3859 naverat,
462 3785 597 3848 Rhodiis
614 3788 749 3850 reddere
764 3798 896 3851 coactus
920 3798 977 3850 est.
1025 3789 1113 3852 Talis
1138 3796 1205 3849 erat
1227 3807 1338 3868 pugna
1355 3785 1476 3847 navalis
1494 3785 1584 3866 apud

291 3896 427 3958 insulam
452 3895 531 3970 Con,
556 3917 618 3978 qua
646 3899 672 3958 si
705 3919 768 3960 non
800 3899 902 3961 victus
934 3909 1018 3961 esset
1041 3898 1267 3981 Philadelphus
1298 3898 1432 3959 alterum
1462 3895 1582 3958 bellum

292 4003 408 4087 Syrum
444 4016 529 4069 certe
565 4026 629 4069 non
665 4009 853 4071 exarsisset:
888 4008 938 4070 vel
974 4009 1114 4070 maxime
1149 4010 1244 4088 igitur
1278 4007 1434 4070 momenti
1467 4015 1518 4068 est
1551 4007 1583 4068 in

291 4115 415 4178 illorum
440 4126 625 4198 temporum
648 4116 779 4181 historia
796 4118 828 4200 1).
876 4117 1063 4182 Commovit
1086 4139 1123 4180 ea
1154 4119 1285 4200 quidem
1315 4137 1426 4197 pugna
1457 4118 1584 4178 animos

287 4235 359 4287 tum
383 4226 451 4288 sine
476 4227 576 4288 dubio
611 4228 661 4289 vel
696 4229 853 4291 maxime:
890 4250 964 4292 nam
989 4229 1175 4308 Antigonus
1209 4249 1248 4290 ea
1283 4247 1346 4290 una
1380 4246 1490 4308 pugna
1524 4247 1583 4289 rex

402 4425 418 4495 ¹)
437 4429 559 4492 Droysen.
578 4428 595 4477 l.
613 4429 630 4478 l.
653 4447 677 4494 p.
698 4431 764 4492 276:
794 4451 877 4488 ι,,,,
899 4433 967 4482 diese
986 4431 1104 4480 Schlacht
1122 4449 1172 4482 war
1197 4432 1244 4480 wie
1270 4431 1310 4480 die
1330 4430 1526 4480 Wetterscheide
1545 4431 1586 4482 fiir

290 4518 358 4568 diese
376 4520 566 4586 gleichzeitigen
585 4521 678 4586 Kriege
788 4524 831 4573 der
850 4525 971 4574 herrliche
990 4524 1049 4589 Sieg
1074 4540 1122 4573 von
1142 4522 1192 4571 Cos
1214 4522 1379 4572 verwandelte
1403 4523 1521 4588 pldtzlieh
1540 4525 1585 4574 die

289 4609 360 4675 Lege
378 4611 422 4660 der
441 4612 539 4677 Dinge;
567 4613 626 4677 jetzt
651 4615 750 4664 mochte
771 4616 860 4680 Magas
879 4617 1045 4681 ungehindert
1070 4617 1109 4665 bis
1127 4631 1159 4664 an
1177 4615 1217 4665 die
1243 4615 1346 4664 nitchste
1366 4616 1436 4666 nahe
1466 4615 1510 4664 des
1529 4615 1587 4665 Nil-

289 4702 377 4752 landes
396 4705 546 4764 vorriiclren5
566 4705 779 4756 Gemeinsamkeit
800 4709 824 4756 in
844 4708 891 4756 den
908 4709 1084 4774 Bewegungen
1103 4708 1147 4756 der
1166 4708 1340 4756 Verbtindeten
1360 4709 1429 4756 hnne
1446 4708 1504 4772 jetzt
1524 4709 1589 4758 viel,
