3500 5498
793 527 841 593 '45
865 609 930 613 ⁴-.-

172 725 362 818 ¹Knaacldus
392 726 488 806 igitur
509 726 685 788 Theocrito
717 728 779 790 hoc
809 731 940 791 carmen
976 748 1040 789 non
1075 729 1203 811 eripiet:
1242 737 1327 790 recte
1359 738 1469 790 autem

176 835 309 924 collegit
331 835 428 908 locos,
454 857 593 919 quorum
617 846 742 920 partem
764 838 940 900 Fritschius
964 839 1026 899 iam
1042 840 1263 910 adnotaverat,
1294 839 1469 922 exquibus

177 945 303 1009 elucere
326 947 460 1019 videtur,
484 947 649 1009 Theocriti
672 967 801 1010 carmen
825 947 947 1012 Ovidio
972 949 1068 1010 luisse
1093 945 1296 1031 exemplar¹).

284 1055 411 1136 Quibus
433 1058 616 1140 praemissis
638 1059 701 1119 iam
724 1060 765 1120 ad
789 1058 884 1124 aliam
909 1060 1134 1142 quaestionem
1164 1068 1374 1121 transcamus
1421 1060 1470 1121 Ea

177 1167 263 1228 enim
286 1187 369 1248 quae
393 1166 555 1230 Greverus
580 1177 612 1230 et
635 1169 713 1250 alin)
738 1169 779 1231 de
803 1169 984 1250 idylliorum
1008 1169 1204 1248 argumentis
1236 1170 1298 1231 iam
1331 1169 1471 1253 disputa·

177 1286 290 1338 verant
317 1276 368 1338 vel
397 1277 505 1360 potius
541 1278 716 1341 divinando
751 1280 888 1341 assecuti
914 1288 1004 1341 erant
1037 1278 1288 1341 luculentissime
1318 1273 1360 1341 'et
1395 1300 1472 1342 sane

178 1385 357 1448 felicissime
382 1388 615 1450 demonstravit
638 1388 812 1452 Brunnius:
828 1387 853 1471 3)
877 1391 997 1452 scilicet
1019 1397 1133 1472 poetas
1162 1389 1326 1452 bucolicos
1354 1391 1470 1475 saepis·

177 1498 259 1560 sime
275 1497 468 1578 imaginibus
485 1507 517 1560 et
533 1499 689 1562 artificum
709 1500 862 1581 operibus
878 1500 1030 1580 inspectis
1047 1501 1190 1562 carmina
1206 1501 1468 1583 composuisse).

179 1607 248 1669 Tali
273 1617 382 1670 autem
404 1628 503 1688 opere
525 1609 736 1672 Theocritum
760 1610 936 1673 adductum
968 1611 1066 1672 etiam
1090 1631 1220 1672 carmen
1242 1610 1360 1675 XXVI.
1385 1629 1470 1673 com-

176 1719 322 1800 posuisse
345 1728 431 1780 recte
455 1719 610 1782 conclusit
631 1721 790 1782 Brunnius
816 1741 858 1782 ex
879 1741 942 1786 vss.
969 1737 1009 1782 22
1027 1741 1129 1808 seqq:

336 1823 403 1894 Ἰνὼ
426 1825 599 1914 δ’ἐξέρρηξε
624 1829 684 1893 σύν
707 1827 888 1918 ὠμααλάτα
909 1829 1009 1913 μέγαν
1034 1819 1123 1914 ὦμον

283 1976 286 1981 -
338 1938 399 2022 λάξ
421 1937 474 2003 ἐπὶ
496 1940 635 2024 γαστέρα
657 1943 748 2019 βᾶσα,
773 1941 841 2004 καὶ
863 1937 1084 2016 Αὐτονόας
1107 1940 1269 2024 ῥυθμὸς
1291 1936 1437 2016 αὑτός·

338 2046 370 2112 αἱ
393 2042 517 2113 δ’ἄλλαι
541 2048 583 2116 τὰ
607 2032 743 2135 περισσὰ
765 2050 1000 2134 κρεανομέοατο
1022 2064 1183 2134 γυναῖκες,

177 2178 260 2238 quae
282 2161 383 2222 verba
397 2161 442 2221 ita
458 2159 560 2222 electa
584 2169 616 2222 et
639 2163 821 2244 composita
837 2172 919 2235 sunt,
946 2172 980 2224 ut
1004 2163 1114 2225 statim
1137 2172 1271 2244 poetam
1294 2161 1467 2240 imaginem
1521 2139 1525 2148 ¹

177 2269 370 2347 describere,
393 2290 458 2330 non
475 2271 607 2352 propria
624 2272 854 2353 imaginatione
871 2272 1021 2354 compelli
1038 2293 1180 2336 censeas,
1220 2273 1334 2352 Imago
1350 2280 1469 2343 autem,

178 2399 275 2460 quam
300 2379 466 2442 illustravit
481 2379 685 2455 Theocritus,
711 2403 784 2444 mea
800 2383 954 2462 opinione
971 2393 1040 2445 erat
1055 2383 1144 2445 haec.
1186 2382 1331 2444 Alteram
1347 2389 1472 2462 partem

176 2489 353 2568 explebant
387 2490 561 2552 duodecim
596 2511 671 2553 arae
703 2489 739 2554 ἐν
773 2495 915 2576 καθαρῷ
951 2497 1082 2576 λειμῶνι
1115 2495 1171 2576 (vs.
1208 2493 1246 2574 5.)
1278 2511 1351 2553 cum
1392 2491 1473 2553 cista
1542 2522 1544 2528 v

177 2600 314 2679 mystica
338 2601 392 2683 (vs.
415 2603 455 2683 7.)
479 2610 512 2662 et
535 2601 757 2664 instrumentis
780 2602 950 2677 bacchicis,
976 2624 1062 2685 quae
1085 2603 1202 2684 Agaue
1227 2600 1287 2664 σὺν
1310 2596 1473 2684 δ’ἒτάραξε

177 2711 274 2774 ποσὶν
308 2759 403 2772 .....
436 2710 590 2794 ἐξαπίνας
623 2709 750 2777 daroma
782 2715 839 2795 (vs.
877 2716 958 2797 13.);
994 2715 1025 2775 in
1054 2714 1152 2775 altera
1188 2722 1280 2795 parte
1314 2712 1473 2774 collocata

178 2830 245 2882 erat
273 2841 369 2902 rupes
400 2843 474 2884 cum
512 2825 627 2887 arbore
660 2825 702 2886 dc
737 2845 800 2904 qua
832 2824 992 2886 Pentheus
1026 2825 1119 2904 orgia
1153 2824 1348 2904 inspexerat.
1408 2823 1472 2884 Me-

176 2931 265 2992 dium
298 2941 331 2994 et
359 2933 570 3015 principalem
598 2935 747 3014 imaginis
781 2935 890 2997 locum
920 2935 1076 2997 terrebant
1103 2933 1160 2995 lno
1194 2943 1226 2994 et
1255 2933 1374 3014 Agaue
1399 2932 1469 2994 suri-

178 3042 318 3116 bundae,
344 3063 427 3124 quae
452 3044 495 3105 ab
519 3054 654 3126 utraque
678 3053 770 3124 parte
786 3045 921 3107 Penthei
944 3065 1062 3127 corpus
1086 3045 1259 3106 dilacerare
1281 3045 1473 3108 studebant:

290 3248 309 3317 ¹)
329 3268 354 3316 p.
368 3250 410 3299 60.
430 3251 527 3315 scripsit
539 3252 664 3300 Knaaclr:
687 3252 768 3300 »idem
789 3252 892 3319 (Ouidio
911 3252 959 3300 hoc
971 3267 1072 3300 carmen
1086 3251 1214 3316 exemplar
1232 3249 1317 3318 tuisse)
1338 3250 1382 3300 sed
1402 3251 1473 3298 dubi-

177 3349 257 3392 tanter
275 3343 372 3391 monuit
390 3343 424 3395 H.
444 3343 593 3392 Fritzschius
612 3343 637 3392 in
656 3344 695 3394 ed.
715 3344 850 3393 Theocriti.
871 3345 913 3408 qui
932 3360 990 3406 yero
1004 3344 1157 3410 explicatius,
1170 3351 1198 3392 ut
1216 3359 1276 3392 sane
1294 3359 1394 3392 necesse
1412 3351 1472 3404 erat,

176 3435 257 3484 eade
277 3435 395 3496 redixit,
415 3451 463 3500 ego
482 3437 540 3485 novi
558 3437 711 3485 neminem«.
749 3436 853 3502 Scripsit
872 3437 1035 3485 Fritzschius:
1067 3435 1204 3483 »Ovidium
1230 3435 1381 3484 imitatorem
1408 3451 1474 3483 non

177 3526 249 3575 sine
272 3528 340 3574 veri
359 3529 476 3592 specie
500 3529 630 3578 dixeris
649 3528 707 3577 coll.
729 3528 787 3576 adn.
807 3529 839 3578 ad
858 3546 881 3576 v.
897 3539 920 3591 5.
936 3541 976 3577 20.
994 3541 1051 3576 12«.
1071 3529 1130 3576 Veri
1149 3528 1257 3592 speciem
1276 3543 1308 3576 ne
1328 3527 1473 3576 linaaclrius

177 3619 290 3682 quidem,
310 3635 463 3682 quamquam
487 3621 646 3686 »explicatius
665 3619 740 3668 dixit«
762 3621 840 3669 auxit!
890 3635 895 3642 ·

290 3708 309 3778 ²)
331 3711 465 3760 Greverus:
489 3713 580 3761 Kleine
592 3714 722 3776 Beytriige.
743 3730 768 3776 p.
783 3727 808 3774 9.
828 3714 860 3762 de
878 3713 971 3778 poculo
989 3714 1023 3764 id.
1037 3713 1064 3762 1:
1087 3713 1136 3762 »So
1154 3713 1273 3778 plastisch
1291 3713 1386 3761 konnte
1405 3713 1474 3761 nicht

179 3805 282 3864 Homer,
302 3819 349 3852 nur
361 3803 482 3852 Theokrit
500 3806 561 3853 iiber
572 3805 667 3854 Plastik
685 3805 768 3866 reden¹
789 3822 822 3867 er,
842 3807 886 3854 der
898 3823 926 3856 zu
941 3805 1049 3869 Syrakus
1066 3807 1141 3866 lebte,
1161 3821 1201 3854 wo
1213 3807 1268 3855 eine
1281 3805 1367 3854 solche
1380 3805 1473 3869 Menge

178 3895 234 3944 vorr'
248 3896 431 3945 Kunstwerlren
456 3897 509 3944 sich
533 3897 626 3947 beland
650 3906 723 3948 etc«.
763 3898 786 3946 Ο
821 3899 901 3962 Jahn:
932 3899 1058 3949 Pentheus
1083 3899 1135 3948 und
1163 3897 1204 3947 die
1232 3897 1386 3946 Maenaden.
1416 3897 1480 3949 Kiel

181 3988 255 4048 1841.
275 4006 302 4052 p.
324 4000 364 4038 21.
404 3989 513 4052 Helbig:
541 3990 766 4056 Untersuchungen
792 3993 853 4040 iiber
878 3991 919 4039 die
941 4007 1023 4056 camp.
1045 3989 1188 4041 Wandmal.
1216 4007 1241 4055 p.
1265 4000 1325 4052 ²25·
1345 4005 1416 4052 seqq.
1443 3989 1474 4038 de

177 4082 280 4146 Europa
299 4081 420 4130 Moschea
436 4081 462 4128 in
481 4088 552 4131 tauro
571 4084 724 4133 considente.
755 4083 875 4134 Meinelre
895 4083 927 4131 ad
946 4083 966 4130 1.
987 4095 1028 4144 32.
1048 4083 1139 4131 Philol.
1161 4082 1276 4146 Gotting.
1300 4080 1363 4143 1871
1386 4098 1410 4146 p.
1431 4081 1475 4142 96.

283 4170 306 4242 ⁸)
330 4173 393 4222 »Die
422 4174 515 4238 griech.
552 4176 689 4226 Bukoliker
716 4178 768 4225 und
805 4177 845 4226 die
873 4174 992 4224 bildende
1028 4175 1126 4223 Kunst«
1160 4175 1186 4222 in
1217 4174 1402 4238 »Sitzungsben
1433 4173 1476 4222 der

176 4265 374 4332 philos-philol.
401 4282 424 4314 u.
450 4267 507 4315 hist.
528 4265 614 4318 Classe
639 4268 683 4317 der
707 4269 734 4318 k.
760 4270 784 4316 b.
816 4267 899 4317 Akad.
926 4267 950 4314 d.
972 4267 1010 4315 W.
1041 4283 1071 4315 zu
1096 4267 1241 4316 Mdnchen«
1276 4264 1350 4328 1879.
1373 4266 1420 4313 Bd.
1440 4265 1474 4314 11.

177 4358 240 4407 Hel't
257 4358 278 4408 1.
299 4375 325 4422 p.
348 4370 369 4406 1.
390 4375 459 4423 seqq.

283 4450 306 4518 ⁴)
325 4451 365 4504 Ct'.
380 4469 406 4516 p.
425 4454 473 4500 20!
497 4451 552 4500 »die
570 4453 693 4502 sinnliche
711 4453 944 4512 Anschaulichkeit,
964 4453 1010 4502 mit
1022 4451 1128 4500 welcher
1147 4450 1187 4499 die
1206 4450 1335 4499 Gestalten
1354 4448 1389 4496 im
1404 4447 1477 4496 Bilde

176 4545 235 4593 dem
253 4546 357 4594 Dichter
385 4551 605 4610 entgegentraten¹
632 4545 739 4594 sordente
765 4547 851 4596 diesen
877 4545 934 4607 auf,
963 4546 1021 4594 dem
1048 4553 1171 4594 stummen
1190 4543 1264 4592 Bilde
1292 4540 1404 4607 Sprache
1423 4541 1475 4588 und

176 4637 323 4702 Bewegung
340 4655 369 4686 zu
388 4637 515 4686 verleihen
534 4637 586 4684 und
605 4637 650 4686 mit
668 4637 805 4688 denselben
826 4639 940 4699 Mitteln,
959 4639 1006 4686 wie
1024 4637 1065 4686 bei
1084 4637 1128 4684 der
1147 4634 1314 4699 Schilderung
1332 4633 1377 4680 der
1396 4632 1476 4681 Natur

177 4728 223 4776 mit
242 4728 285 4777 der
303 4729 485 4790 Wirlrlichkeit‚
506 4743 534 4777 so
552 4729 606 4778 hier
624 4729 669 4778 mit
687 4730 731 4777 der
751 4729 836 4780 Kunst
853 4729 879 4777 in
899 4729 1028 4779 Wetteifer
1046 4745 1075 4777 zu
1094 4735 1199 4776 neten«.
