3500 5498
780 525 818 592 55

157 745 265 789 rorum
291 725 478 806 idylliorum.
527 725 602 804 Quo
619 727 752 800 accedit,
783 726 872 809 quod
888 721 1035 788 cantores
1052 723 1137 786 nullo
1161 725 1261 786 modo
1277 745 1312 786 se
1340 723 1450 788 nobili·

156 837 268 900 oribus
290 836 368 922 locis
399 845 492 896 natos
523 855 594 897 esse
626 835 729 899 celare
768 857 873 919 neque
908 834 1073 898 cantilenis
1103 855 1174 896 sese
1202 844 1350 915 pastores
1381 854 1452 896 esse

155 967 251 1008 veros
284 946 456 1008 ostendere
489 946 635 1011 studenti
687 946 783 1008 Plane
821 946 882 1009 alia
920 955 1029 1009 autem
1059 944 1167 1007 indole
1199 945 1346 1025 praedita
1377 953 1478 1020 sunt,

155 1067 265 1130 cetera
288 1056 453 1119 Theocriti
478 1057 622 1118 carmina
653 1056 814 1130 bucolica,
847 1057 902 1118 ubi
932 1056 1040 1118 omnia
1078 1075 1121 1116 ex
1158 1054 1268 1117 intima
1298 1053 1366 1115 vita
1397 1067 1450 1136 pa·

155 1166 264 1230 storali
290 1168 485 1248 deprompta
509 1177 592 1231 sunt.
618 1165 667 1233 Cf.
693 1167 817 1228 dehac
842 1165 1042 1248 quaestione,
1075 1184 1157 1243 quae
1190 1163 1366 1226 luculenter
1395 1183 1450 1226 ex-

155 1277 267 1359 posuit
291 1267 402 1338 Holmf
423 1275 441 1342 l.
467 1277 483 1342 l.
514 1277 551 1342 Il.
582 1299 614 1359 p.
646 1293 718 1356 311.
766 1278 961 1340 Theocritus
990 1276 1086 1356 igitur
1116 1274 1248 1347 iuvenis,
1274 1281 1310 1336 ut
1339 1282 1451 1336 natura

154 1388 200 1462 fit,
227 1407 292 1450 non
316 1388 425 1448 statim
457 1387 646 1450 b'ucoliasmi
674 1387 772 1450 Siculi
802 1388 891 1468 leges
920 1387 1100 1468 perspexit:
1132 1385 1274 1468 palmam
1304 1404 1324 1447 a
1356 1385 1450 1447 Musa
1500 1369 1502 1372 ⁵

154 1498 303 1561 bucolica
351 1505 437 1559 certe
469 1517 509 1559 eo
540 1507 704 1579 tempore,
746 1517 820 1560 cum
860 1499 893 1560 in
925 1496 1031 1561 Sicilia
1064 1495 1151 1578 apud
1187 1495 1364 1559 Hieronem
1399 1493 1449 1576 (cf.

156 1607 288 1670 Hauler.
313 1607 331 1668 l.
355 1606 373 1669 l.
400 1629 430 1688 p.
463 1620 514 1686 25.
546 1628 635 1690 seqq.
669 1617 701 1670 et
732 1607 826 1691 infra)
858 1615 1046 1683 versaretur,
1083 1605 1225 1688 accepit:
1261 1604 1300 1667 cs.
1338 1603 1448 1671 Holm.

154 1718 174 1784 1.
198 1717 218 1784 1.
244 1719 281 1780 11.
301 1699 339 1800 *p.
367 1734 439 1798 312.

264 1828 344 1891 »Die
360 1829 472 1891 Poesie
497 1829 553 1892 des
570 1828 702 1902 Volkes‚
719 1838 806 1892 recte
822 1829 924 1910 inquit
947 1826 1054 1889 Holm.
1072 1825 1120 1908 (ll.
1139 1846 1170 1907 p.
1190 1825 1297 1908 312.,),
1316 1824 1463 1906 bewegt.

155 1938 224 2000 sich
254 1939 385 2013 ebenso,
413 1941 473 2001 wie
504 1940 556 2018 die
587 1939 815 2022 Kunstpoesie,
846 1939 912 2000 und
944 1936 1104 1999 vielleicht
1139 1935 1239 1998 nocht
1273 1935 1372 2009 mehr,
1410 1936 1443 1998 in

153 2050 327 2132 allgemein
351 2049 588 2112 menschlichen
612 2049 876 2132 Empfindungen
900 2048 966 2110 und
989 2046 1163 2110 behandelt
1187 2033 1445 2108 besonders'das

155 2160 284 2223 Thema
306 2160 363 2222 der
392 2160 524 2226 Liebe.‹
578 2159 671 2222 False
700 2167 810 2221 autem
838 2158 919 2220 haec
947 2157 1074 2221 statuit:
1110 2155 1197 2218 »Der
1226 2155 1448 2220 Aclcersmann

153 2271 243 2350 singt
267 2268 355 2331 nicht
377 2289 454 2332 vom
478 2269 600 2351 Piluge,
624 2270 681 2332 der
711 2270 932 2334 Handwerker
962 2267 1051 2331 nicht
1074 2286 1140 2328 von
1169 2265 1292 2328 seinem
1324 2263 1448 2329 Gerath

155 2382 222 2442 und
239 2380 302 2441 den
314 2379 550 2459 Erzeugnissen
565 2381 669 2442 seiner
685 2381 799 2454 Kunst,
819 2381 876 2443 der
891 2380 965 2441 Hirt
980 2379 1068 2440 nicht
1082 2396 1148 2440 von
1164 2377 1274 2440 seinen
1297 2376 1447 2442 Thieren.

154 2493 261 2553 Wenn
285 2492 434 2572 dagegen
457 2473 763 2553 eianunstdichter
784 2491 899 2553 Hirten
922 2488 1082 2552 austreten
1105 2487 1192 2560 liisst,
1226 2507 1263 2549 so
1292 2486 1372 2548 wird
1403 2506 1445 2559 er,

155 2623 210 2665 um
235 2602 298 2665 den
323 2603 546 2681 Hintergrund
570 2621 608 2662 zu
632 2600 796 2673 zeichnen,
822 2600 880 2662 auf
899 2601 973 2662 dem
1003 2599 1069 2661 sich
1094 2597 1180 2659 scine
1204 2599 1366 2660 Personen
1394 2595 1447 2660 be·

154 2733 279 2794 wegen,
312 2713 363 2775 die
396 2710 691 2792 Besch'altigungen
722 2711 890 2773 derselben
925 2710 987 2773 viel
1023 2709 1116 2772 mehr
1150 2709 1181 2770 in
1216 2708 1273 2769 das
1308 2705 1448 2770 Gedicht

155 2822 480 2895 hineinverflechten,
512 2822 558 2884 als
591 2819 752 2882 wirkliche
776 2821 890 2883 Hirten
910 2842 949 2883 -es
981 2821 1012 2883 in
1042 2819 1132 2882 ihren
1165 2818 1303 2880 Liedem
1334 2817 1444 2883 thun.‹

155 2934 242 2995 Nam
265 2942 350 2994 certe
374 2932 536 3012 agricolae
561 2932 602 2992 de
624 2930 705 2993 coeli
729 2940 823 3004 statu,
850 2932 890 2993 de
911 2930 1087 3012 segetibus,
1108 2930 1149 2991 de
1165 2928 1267 2991 beluis
1293 2927 1445 2991 domes-ti·

156 3043 212 3116 εἰς,
238 3051 304 3108 etc.
332 3041 554 3104 lubentissime
584 3040 781 3104 confabulari
815 3049 847 3102 et
875 3041 902 3102 si
938 3041 1051 3103 Musae
1080 3049 1212 3102 cantum
1246 3039 1449 3100 donaverunt

157 3173 273 3215 canere
297 3151 416 3227 solent;
441 3163 528 3214 certe
552 3152 638 3214 enim
1053 3159 1056 3164 “

115 3247 118 3253 ’
318 3264 427 3326 navita
450 3265 491 3324 de
514 3262 627 3334 ventis
653 3262 693 3322 de
716 3261 814 3322 tauris
836 3270 943 3323 narrat
957 3269 1075 3333 arator,

317 3384 485 3436 enumerat
507 3371 598 3434 miles
621 3372 761 3444 vulnera,
787 3381 899 3453 pastor
922 3371 1016 3436 oves!

158 3489 329 3550 Praeterea
358 3484 552 3546 Theocritus
582 3483 651 3565 ipse
681 3481 712 3542 in
741 3481 937 3545 carminibus
965 3499 1041 3543 vere
1073 3479 1230 3542 bucolicis
1264 3497 1369 3560 neque
1400 3465 1451 3540 res

158 3595 338 3680 pastorales
361 3595 466 3674 magis
491 3595 577 3666 ursit,
603 3612 700 3672 quam
724 3600 872 3673 pastores
900 3591 967 3652 veri
991 3589 1094 3652 lacere
1118 3589 1232 3664 solent,
1258 3596 1291 3651 et
1321 3608 1451 3651 amores

158 3709 249 3788 large
266 3706 454 3770 immiscuit!
478 3705 554 3784 Quo
571 3701 703 3774 accedit,
722 3701 811 3783 quod
827 3701 858 3762 in
875 3701 942 3763 eius
955 3700 1148 3763 carminibus
1164 3699 1294 3782 saepius
1313 3698 1451 3779 vestigia

159 3819 373 3890 inveniuntur,
399 3835 482 3896 quae
512 3805 721 3875 Theocritum
744 3811 949 3892 popularium
984 3810 1160 3874 cantilenas
1195 3809 1272 3871 artis
1304 3807 1451 3890 poeticae

158 3927 287 4009 legibus
325 3923 538 3988 severioribus
573 3920 775 3984 subiunxisse
810 3922 1042 4003 comprobent,
1084 3919 1123 3984 cf.
1173 3918 1365 3982 cantilenam
1412 3919 1453 3981 de

158 4036 336 4120 Daphnide
358 4032 553 4098 moribundo
577 4032 632 4114 (id.
657 4031 701 4115 1.),
727 4032 769 4093 id.
792 4031 847 4098 Vl.
870 4031 914 4097 id.
939 4031 1023 4095 Vlll.
1058 4047 1088 4095 2.
1113 4028 1179 4103 ΧΙ.,
1213 4029 1329 4111 quibus
1357 4028 1453 4110 igitur

159 4148 308 4232 proxime
330 4146 422 4208 abest
445 4166 464 4207 a
488 4131 692 4226 popularium
716 4141 840 4203 animis.

266 4258 378 4339 ltaque
401 4277 439 4318 ea
460 4271 591 4336 quoque
613 4250 690 4312 falsa
714 4249 792 4313 mihi
816 4237 965 4314 videntur
995 4271 1074 4323 esse,
1101 4269 1185 4329 quae
1206 4267 1304 4330 porro
1327 4247 1455 4330 scripsit

160 4369 286 4434 Holm:
315 4368 379 4430 ›Es
400 4365 473 4428 sind
495 4361 658 4433 hiernach,
683 4359 935 4440 eigenthiimlich
952 4380 1069 4442 genug,
1095 4360 1146 4422 die
1170 4359 1287 4421 Lieder
1309 4358 1366 4420 der
1387 4379 1456 4421 ver-

159 4479 322 4543 kleideten
353 4477 468 4539 Hirten
502 4473 559 4535 des
590 4487 616 4552 7.
646 4468 743 4549 ldylls
774 4469 866 4532 mehr
896 4472 959 4534 den
987 4469 1242 4532 wirklichen
1277 4468 1348 4550 (sed
1371 4489 1457 4551 quae

161 4599 238 4654 sunt
260 4589 341 4650 haec
364 4582 538 4667 carminal)
562 4578 799 4644 Hirtenliedern
817 4579 1063 4664 entsprechend,
1092 4579 1138 4643 als
1166 4580 1216 4644 die
1240 4577 1458 4642 Hirtenlieder

159 4701 191 4762 in
217 4695 279 4760 den
314 4691 487 4774 eigentlich
519 4687 733 4751 bukolischen
766 4689 956 4766 Gedichten,
991 4691 1057 4754 und
1091 4710 1166 4754 man
1198 4689 1283 4754 sieht
1313 4687 1451 4767 hierauS,
