3500 5498
608 467 869 562 ,AL

106 685 160 727 ma
195 667 285 730 bella
316 665 458 748 gerenda
490 675 580 728 erant
605 667 658 746 (eo
681 687 767 728 anno
794 665 946 727 Athenae
969 675 1175 746 expugnatae
1199 666 1283 748 sunt)
1307 686 1412 747 neque

105 779 180 838 eius
221 797 357 858 regnum
392 785 489 838 antea
524 777 606 838 adeo
642 776 886 839 corroboratum
923 785 992 838 erat
1026 775 1068 858 (in
1105 785 1247 838 mentem
1278 796 1411 838 revoces

103 887 305 960 Alexandri,
330 887 546 948 Molossorum
564 888 657 968 regis,
682 887 897 949 incursionem
912 889 943 948 in
959 887 1209 967 Macedoniarn),
1234 895 1270 946 ut
1293 886 1412 948 reiecto

105 999 215 1060 etiam
237 998 352 1078 Pyrrhi
376 995 499 1078 impetu
516 997 601 1060 Pella
624 998 729 1079 poetis
754 997 950 1060 domicilium
974 1006 1080 1059 tutum
1104 998 1144 1058 ab
1171 997 1318 1058 hostibus
1342 1006 1412 1058 tum

105 1109 298 1190 praeberet.
348 1107 479 1169 Minime
504 1118 613 1170 autem
637 1106 807 1169 verisimile
824 1118 881 1179 est,
899 1107 1039 1182 Aratum
1056 1116 1188 1189 poetam
1205 1116 1238 1168 et
1254 1126 1413 1188 gramma-

104 1219 217 1281 ticum
251 1219 457 1298 Antigonum
490 1239 600 1297 regem
632 1219 663 1279 in
696 1217 790 1290 bella,
823 1219 905 1279 sicut
931 1219 1103 1282 Persaeum
1128 1215 1283 1310 Stoicum,
1307 1216 1412 1278 virum

107 1328 236 1392 fortem
260 1350 297 1391 ac
322 1337 489 1391 strenuum
516 1327 567 1411 (cf.
592 1327 731 1409 Koepke
755 1327 771 1391 l.
787 1328 805 1389 l.
824 1350 854 1409 p.
873 1329 902 1390 6.
921 1307 1013 1410 seq.),
1039 1337 1184 1389 secutum
1209 1347 1288 1392 esse.
1336 1327 1414 1389 lnde

106 1440 217 1520 igitur
238 1440 280 1501 ab
305 1459 390 1500 anno
415 1439 487 1500 261.
513 1460 540 1501 a.
565 1437 637 1500 Chr.
662 1458 702 1510 n.,
728 1458 793 1519 quo
819 1438 1004 1518 Antigonus
1020 1435 1165 1500 Gonatas
1189 1457 1330 1500 summas
1355 1437 1415 1500 sibi
1469 1515 1476 1530 ι

107 1551 245 1631 paravit
268 1550 379 1611 laudes
401 1549 531 1611 bellicas
557 1558 589 1610 et
610 1569 667 1610 rex
683 1550 927 1630 potentissimus
951 1548 1053 1612 factus
1076 1557 1134 1621 est,
1159 1548 1314 1632 reliquam
1332 1548 1415 1610 vitae

109 1669 246 1740 partem
278 1660 366 1741 apud
398 1679 472 1722 eum
502 1659 609 1740 degit:
642 1667 709 1719 erat
737 1658 801 1721 hoc
821 1663 963 1742 ‘tempus
994 1679 1105 1721 revera
1134 1659 1206 1732 tale,
1240 1679 1306 1740 quo
1329 1658 1415 1721 Pella

110 1771 286 1832 Musarum
320 1771 415 1832 sedes
445 1771 510 1831 iure
540 1768 762 1851 appellaretur.
810 1769 958 1832 Mortuus
991 1779 1039 1832 est
1070 1771 1190 1831 Aratus
1212 1769 1317 1832 Pellae
1340 1779 1414 1832 ante

110 1881 278 1960 Antigoni
304 1901 424 1942 annum
448 1879 576 1942 letalem
601 1879 698 1960 (anno
715 1870 807 1958 ²⁴⁰A's·
834 1901 858 1943 a.
877 1879 951 1946 Chr.
965 1883 1017 1964 n),
1042 1881 1195 1960 quoniam
1213 1877 1313 1942 Suida
1329 1889 1413 1946 teste

113 1991 197 2076 παρ’
223 1987 317 2072 αὐτῷ
339 1989 555 2074 ἐτελεύτησε-ν.

226 2103 294 2164 Iam
318 2110 516 2164 revertamur
538 2101 579 2162 ad
596 2099 689 2161 Arati
712 2099 954 2173 Phaenomena,
979 2100 1064 2161 unde
1087 2108 1156 2162 orta
1180 2110 1230 2162 est
1254 2101 1413 2182 quaestio.

114 2211 220 2275 Cuius
252 2212 385 2293 quidem
415 2211 563 2272 carminis
593 2210 717 2271 indoles
749 2220 781 2272 et
813 2219 926 2273 natura
956 2220 1043 2273 certe
1076 2210 1149 2272 talis
1182 2220 1245 2282 est,
1279 2220 1314 2273 ut
1346 2211 1415 2272 viro

116 2323 289 2384 maturiori
313 2331 345 2383 et
369 2322 521 2395 doctiori,
555 2341 620 2382 non
652 2321 761 2382 iuveni
793 2321 834 2382 sit
857 2321 1074 2385 tribuendum.
1121 2320 1308 2384 Abhorrere
1330 2321 1416 2382 enim

116 2433 199 2495 mihi
224 2432 350 2493 videtur
366 2432 392 2492 is
421 2431 597 2510 catalogus,
623 2431 677 2512 qui
701 2432 947 2512 uniuscuiusque
975 2431 1087 2492 sideris
1103 2429 1228 2492 fabulas
1249 2409 1417 2492 abstrusas

117 2527 166 2605 et
185 2542 367 2604 reconditas
399 2542 585 2614 adumbrat,
620 2562 639 2602 a
676 2541 789 2602 iuvene
812 2541 1009 2604 ¹fervidiore:
1045 2541 1145 2602 immo
1180 2541 1329 2622 designat
1352 2540 1417 2603 ille

113 2647 287 2726 Ἡσιόδειος
308 2653 475 2736 χαρακτήρ
500 2653 545 2735 (ut
576 2652 620 2712 ita
644 2651 761 2734 dicam)
786 2652 924 2712 Aratum
956 2651 1279 2732 grammaticum
1310 2660 1416 2714 aetate

118 2763 371 2842 provectiorem,
396 2763 451 2844 qui
474 2762 588 2824 studiis
604 2761 761 2827 diuturnis
778 2770 903 2822 tantam
920 2747 1099 2822 fabularum
1116 2761 1158 2822 ab
1176 2782 1233 2822 usu
1251 2761 1416 2823 cotidiano

118 2875 221 2953 longe
254 2881 450 2934 remotarum
480 2873 608 2953 copiam
639 2873 839 2950 cognoverit.
900 2871 1045 2944 Accedit,
1076 2870 1163 2952 quod
1188 2892 1227 2932 eo
1259 2880 1417 2950 tempore,

119 2983 212 3066 quod
236 2982 324 3060 apud
349 2980 551 3043 Antiochum
575 2983 605 3042 in
630 2980 724 3061 Syria
748 2981 846 3061 degit,
873 3002 945 3042 curn
968 2999 1078 3044 earum
1103 2981 1272 3061 regionum
1294 2981 1415 3043 incolas

118 3092 298 3173 antiquitus
310 3092 468 3153 sideribus
481 3091 711 3173 perlustrandis
723 3090 775 3152 vel
788 3092 964 3153 maximam
982 3112 1114 3174 operam
1132 3092 1260 3155 dedisse
1276 3102 1413 3167 constet,

119 3213 157 3264 ut
190 3204 311 3264 maiore
344 3203 451 3263 studio
483 3202 514 3261 in
545 3202 686 3262 siderum
720 3201 886 3264 scientiam
921 3202 1103 3282 inquireret,
1121 3211 1208 3263 certe
1231 3199 1415 3266 commotus

119 3323 181 3375 est.
230 3313 343 3393 Itaque
375 3311 579 3398 Antigonum
609 3329 721 3390 regem
743 3311 882 3372 Aratum
914 3313 1053 3373 siderum
1077 3311 1317 3392 peritissimum,
1342 3303 1415 3376 curn

124 3443 170 3484 ex
194 3419 286 3503 Syria
310 3421 474 3492 rediisset,
505 3423 568 3483 hoc
592 3440 721 3481 carmen
746 3422 886 3483 condere
909 3422 1039 3484 iussisse
1062 3422 1324 3484 verisimillimum
1350 3432 1413 3486 est:

120 3535 167 3594 ita
192 3533 289 3612 igitur
311 3532 391 3612 bigr.
417 3532 532 3596 verba:
558 3525 613 3594 εἶτ’
639 3527 764 3594 ἐκείνου
788 3531 973 3614 (Antigoni)
997 3531 1213 3607 κελεύσαντος
1236 3529 1358 3617 ἔγραψε
1374 3531 1416 3598 τὰ

125 3639 313 3724 Φαινόμενα
337 3642 527 3722 explicanda
551 3649 633 3703 sunt.
675 3639 825 3703 Ceterum
844 3641 1029 3704 Stoicorum
1053 3641 1292 3723 philosophiam
1309 3662 1416 3722 super·

119 3752 308 3814 stitionibus
339 3762 371 3813 et
402 3752 558 3814 eiusmodi
589 3752 716 3831 generis
744 3752 856 3812 studiis
884 3750 935 3813 vel
966 3752 1107 3814 maxime
1131 3751 1248 3814 favisse
1273 3762 1414 3819 constat:

16 3897 17 3900 ¹
122 3855 235 3943 itaque
259 3862 441 3923 mirandum
469 3882 533 3923 non
565 3870 630 3932 est,
664 3860 752 3941 quod
781 3861 967 3942 Antigonus
996 3859 1156 3935 Gonatas,
1188 3863 1241 3943 qui
1265 3863 1373 3924 stabat
1396 3884 1416 3925 a

126 3973 259 4044 Stoicis,
293 3971 429 4034 Aratum
458 3981 610 4050 poetam,
643 3971 696 4050 qui
725 3978 757 4032 et
788 3971 857 4053 ipse
889 3970 1019 4034 Stoicus
1049 3980 1118 4033 erat
1134 3969 1170 4055 ¹),
1201 3972 1264 4034 tale
1288 3993 1416 4036 carmen
1446 3949 1450 3960 ι

123 4103 324 4164 componere
352 4082 451 4143 iussit.
501 4081 577 4160 Quo
608 4079 645 4141 fit
673 4079 957 4155 verisimillimum,
994 4081 1131 4144 Aratum
1155 4092 1289 4164 poetam
1310 4093 1417 4146 aetate

124 4193 377 4274 provectiorem,
402 4193 420 4255 i.
435 4212 462 4252 e.
488 4199 614 4272 posta.
639 4189 711 4266 265.
736 4210 763 4255 a.
782 4189 856 4255 Chr.
871 4211 911 4264 n,
937 4210 1002 4272 quo
1026 4193 1209 4273 composuit
1224 4192 1417 4256 Theocritus

125 4301 269 4382 idyllium
291 4302 401 4376 xvir,
426 4301 589 4382 scripsisse
614 4299 646 4360 id
662 4318 805 4364 carmen:
830 4300 953 4362 Aratus
974 4302 1072 4382 igitur
1088 4301 1252 4364 Theocriti
1278 4313 1328 4365 est
1350 4303 1416 4365 imi·

237 4569 255 4631 ¹)
274 4569 364 4634 Operis
383 4568 488 4633 pretium
507 4577 571 4617 esset
591 4583 619 4616 ex
640 4566 740 4616 scholiis
759 4567 791 4616 ad
811 4568 915 4618 Aratum
944 4569 1055 4634 inprimis
1073 4569 1126 4619 eius
1143 4570 1330 4635 philosophiam
1349 4571 1416 4620 colli·

128 4677 186 4727 gere
205 4668 228 4710 et
247 4661 374 4710 illustrare.
