3500 5498
766 547 803 616 31

138 749 293 830 dirigeret
315 750 451 814 fortasse
472 751 533 814 sibi
557 753 763 834 propositum
787 752 934 816 habuit«.
975 755 1105 818 Praeter
1127 753 1205 818 alias
1221 765 1330 818 autem
1354 746 1438 816 hanc

137 859 240 921 habet
263 881 394 924 causam
419 860 661 936 nobilissimam,
693 865 781 944 quod
806 864 891 925 desit
917 863 1032 928 >Siculi
1065 867 1216 928 carminis
1249 865 1439 928 vernaculus

138 969 272 1036 decor«.
319 971 442 1033 Causas
476 993 557 1054 quas
592 973 726 1054 protulit
744 973 959 1037 ¹Reinholdius
994 977 1148 1037 acerrime
1183 995 1356 1056 aggressus
1390 981 1438 1035 est

137 1079 300 1172 Wissovva
323 1081 342 1144 l.
365 1081 384 1147 l.
409 1103 440 1164 p.
468 1097 517 1163 27,
549 1103 591 1144 ex
620 1085 709 1145 cuius
741 1085 1021 1164 argumentatione
1053 1085 1175 1160 elucet,
1207 1083 1436 1146 Reinholdium

135 1209 205 1251 rem
230 1178 331 1264 suam,
356 1183 500 1273 inprimis
524 1193 613 1274 quod
630 1194 746 1255 attinet
770 1195 811 1254 ad
827 1213 942 1256 causas
966 1191 1158 1258 asermonis
1181 1194 1367 1256 diversitate
1385 1214 1448 1274 pe-¹

134 1300 220 1374 titas,
240 1299 459 1363 inlecisissime
473 1303 588 1382 egisse.
628 1302 811 1365 Reinholdii
831 1305 1019 1385 opinionem
1036 1325 1129 1367 suam
1144 1305 1221 1372 fecit
1233 1303 1436 1377 Fritzschius,

135 1411 190 1490 qui
215 1431 299 1472 nova
323 1411 464 1494 undique
489 1414 682 1494 conquisivit
713 1425 925 1495 argumenta,
969 1417 1122 1496 quoniam
1146 1413 1329 1478 Reinholdii
1352 1414 1437 1475 labe-

136 1519 237 1582 factas
262 1541 333 1584 esse
357 1522 437 1584 vidit
453 1543 478 1585 *a
500 1523 676 1596 Wissowa,
691 1525 781 1586 cuius
805 1525 868 1586 hoc
892 1524 1024 1607 quidem
1048 1526 1122 1588 loco
1146 1526 1345 1588 mentionem
1370 1543 1436 1584 om·

135 1613 213 1691 nino
237 1651 302 1694 non
327 1630 410 1694 lecit.
459 1631 524 1695 Sed
549 1654 589 1696 ne
612 1655 676 1696 una
700 1635 832 1714 quidem
856 1655 898 1696 ex
920 1635 1087 1698 Fritzschii
1110 1637 1214 1699 causis
1229 1645 1307 1717 apta
1330 1644 1380 1698 est
1395 1633 1437 1696 ad

134 1740 408 1820 persuadendum.
459 1743 608 1819 ‚Fabula
634 1746 747 1826 inquit,
766 1744 884 1806 insulsa
902 1756 961 1818 est,
978 1766 1018 1808 ne
1036 1747 1141 1808 dicam
1159 1746 1330 1810 ridicula‹:
1356 1745 1438 1806 haec
1523 1780 1525 1791 ·

135 1850 202 1910 iam
226 1852 354 1914 dixerat
376 1853 544 1919 Reinhold.
593 1838 798 1916 Sed‘talibus
821 1831 932 1928 causis,
956 1864 991 1917 ut
1015 1865 1102 1918 recte
1134 1865 1246 1918 monet
1268 1855 1435 1928 Wissowa,

135 1979 220 2040 quae
242 1983 285 2023 ex
308 1963 555 2045 uniuscuiusque
578 1967 710 2028 arbitrio
733 1968 907 2048 pendeant,
933 1967 1067 2028 omnino
1084 1965 1161 2028 nihil
1177 1967 1436 2048 demonstratur;

135 2075 245 2155 itaque
266 2095 339 2135 cum
364 2075 522 2136 Wissowa
546 2077 586 2138 de
609 2086 777 2139 venustate
802 2085 858 2138 aut
886 2076 1063 2139 insulsitate
1086 2077 1235 2139 carminis
1267 2074 1308 2136 nil
1332 2075 1437 2136 dicen·

136 2185 215 2245 dum
244 2204 315 2246 esse
347 2205 481 2246 censeo:
514 2186 578 2248 hoc
606 2198 716 2249 tamen
746 2187 951 2249 adiciendum
973 2187 1111 2262 videtur,
1135 2187 1226 2268 quod
1249 2184 1434 2247 huiusmodi

135 2294 264 2357 fabulae
295 2297 383 2376 apud
416 2305 542 2358 veteres
573 2299 705 2360 omnino
736 2297 885 2376 vulgares
909 2307 942 2358 et
965 2298 1059 2360 tritae
1081 2307 1182 2370 erant,
1209 2295 1249 2360 cs.
1272 2295 1370 2356 Arist.
1396 2295 1436 2355 de

136 2415 208 2466 arte
229 2416 316 2487 poet.
347 2427 398 2488 cp.
420 2423 452 2485 9.
478 2416 557 2472 extr.
588 2407 629 2487 (p.
665 2421 756 2486 1452.
781 2428 808 2468 a.
836 2409 972 2490 7):....
1005 2415 1074 2472 τῶν
1104 2403 1172 2470 ἀπὸ
1203 2404 1302 2489 τύχης
1332 2412 1438 2468 ταῦτα

135 2513 395 2598 θαυμασιώτατα
418 2511 514 2594 δοκεῖ,
537 2510 727 2602 (londinum
749 2515 897 2600 ἐπίτηδες
913 2519 1064 2598 φαίνεται
1086 2516 1262 2600 γεγονέναι,
1286 2507 1378 2578 οἷον
1394 2507 1438 2588 ὡς

133 2620 312 2709 ὁάνδριάς
335 2619 353 2688 ὁ
375 2635 435 2690 τοῦ
459 2629 585 2701 Μίτυος
607 2623 643 2689 ἐν
662 2618 755 2709 Ἄργει
778 2621 948 2689 ἀπέκτεινε
978 2623 1039 2690 τὸν
1068 2624 1173 2691 αἴτιον
1203 2634 1263 2690 τοῦ
1285 2621 1437 2688 θανάτου

132 2739 186 2818 τῷ
215 2737 319 2798 Miror*
348 2738 532 2820 θεωροῦντι
567 2734 723 2820 ἐμπεσών.
771 2737 885 2817 ltaque
922 2732 1016 2798 nimis
1050 2737 1206 2800 audacter
1241 2733 1437 2798 Fritzschius

133 2847 263 2909 Eberaii
287 2846 326 2908 de
350 2845 414 2908 hoc
438 2848 579 2909 carmine
601 2848 786 2929 opinionem
805 2846 1003 2908 adumbrans
1024 2848 1152 2929 scripsit
1165 2845 1201 2931 1);
1230 2847 1318 2907 »Das
1332 2845 1437 2926 klingt

132 2957 195 3018 wie
218 2957 395 3020 Romantik
417 2977 475 3020 aus
500 2957 632 3038 Aniang
654 2959 711 3020 des
739 2955 1074 3038 19.·Jahrhunderts‹.

241 3068 346 3129 Porro
381 3069 507 3151 scripsit
541 3069 734 3131 Fritzschius
769 3069 960 3151 παραίνεσιν
998 3069 1042 3150 (ν.
1071 3068 1124 3133 62.
1150 3069 1204 3151 63)
1229 3068 1279 3130 ob
1314 3087 1437 3148 quam

133 3179 297 3258 scripta
320 3188 442 3242 esset
473 3179 489 3241 s
493 3179 635 3252 abula,
661 3178 835 3241 abhorrere
858 3198 877 3238 a
901 3178 1137 3241 consuetudine
1161 3178 1337 3241 Theocriti.
1387 3176 1434 3238 At

135 3307 203 3348 non
234 3287 314 3350 illius
345 3290 576 3352 admonitionis
604 3309 700 3351 causa
728 3289 848 3370 scripta
879 3295 928 3349 est
960 3286 1077 3360 fabula,
1104 3288 1162 3350 sed
1185 3288 1365 3350 admonitio
1396 3305 1438 3348 ex

135 3397 189 3460 illa
213 3397 319 3460 fabula
343 3399 453 3462 evadit
468 3400 720 3481 saepissimeque
736 3397 937 3468 Theocritus,
964 3405 1000 3457 ut
1024 3417 1140 3459 omnes
1155 3406 1285 3476 poetae,
1310 3398 1355 3459 ita
1372 3416 1437 3457 ver-

135 3527 232 3568 suum
254 3509 516 3571 antecedentium
539 3529 699 3571 summam
723 3508 754 3568 in
777 3506 920 3567 medium
944 3506 1097 3586 protulit:
1121 3506 1161 3572 cl.
1186 3507 1272 3572 XIV.
1298 3507 1350 3585 63.
1368 3526 1436 3586 seq.

135 3617 190 3678 66.
205 3637 295 3698 seqq.
319 3616 405 3683 XVI.
429 3622 496 3682 108.
521 3639 588 3700 seq.
613 3618 732 3694 XXVI,
757 3633 807 3697 27.
829 3636 918 3697 seqq.
943 3615 982 3676 al.
1031 3615 1217 3678 Similitudo
1235 3616 1351 3678 deinde
1375 3636 1438 3677 car·

136 3726 260 3788 minum
292 3727 571 3804 Theocriteorum,
606 3749 703 3810 quam
734 3727 942 3807 investigavit
966 3724 1167 3800 FritzschiuS,
1201 3726 1278 3787 mihi
1308 3726 1440 3806 quidem

136 3838 243 3917 ipsum
266 3848 408 3920 poetam,
433 3859 499 3901 non
523 3839 685 3902 aemulum
710 3837 880 3918 designare
903 3837 1063 3902 videntur.

140 3954 141 3959 ’
245 3946 481 4010 Adnotandum
511 3961 622 4012 autem
651 3948 703 4011 hie
733 3949 876 4020 videtur,
911 3945 1140 4008 Reinholdium
1170 3943 1264 4027 plane
1291 3943 1372 4006 salso
1401 3964 1441 4006 ea

136 4045 280 4118 carmina
302 4059 333 4119 in
356 4060 472 4140 spuriis
496 4058 681 4132 collocasse,
707 4079 791 4140 quae
815 4065 963 4120 carerent
986 4056 1084 4120 Siculi
1112 4055 1280 4127 sermonis
1313 4063 1349 4116 ut
1372 4054 1441 4116 eius

136 4168 245 4229 verbis
277 4178 362 4242 utar,
395 4168 512 4232 decore
546 4171 728 4236 vernaculo.
775 4170 858 4232 Nam
887 4167 1092 4237 Theocritus
1124 4163 1194 4227 aevi
1224 4163 1438 4226 Alexandrini

135 4276 285 4339 alumnus
321 4278 521 4358 praeclarus,
549 4280 705 4346 latissima
728 4299 868 4361 poeseos
895 4297 971 4340 arva
999 4274 1117 4339 coluit:
1154 4273 1197 4335 ob
1232 4292 1304 4336 eam
1331 4281 1440 4335 autem

136 4387 328 4460 ubertatem,
353 4409 417 4469 qua
440 4389 580 4454 florebat
601 4399 707 4453 totum
731 4389 809 4451 illud
832 4407 959 4461 aevum,
984 4383 1145 4448 excellens
1170 4382 1239 4444 sine
1257 4381 1357 4446 dubio
1375 4401 1440 4444 non

136 4498 305 4571 extitisset,
330 4499 388 4560 nisi
413 4499 500 4562 idem
523 4503 598 4563 novi
621 4502 697 4562 artis
721 4499 869 4582 poeticae
893 4497 1029 4578 generis
1048 4492 1193 4596 'bucolici
1218 4492 1302 4568 dico,
1327 4501 1441 4556 auctor

350 4661 400 4668 »—

249 4747 264 4817 ¹)
286 4749 322 4798 Cf.
346 4751 384 4800 ed.
408 4753 433 4799 in
455 4768 526 4800 usum
546 4751 624 4800 schol.
644 4751 713 4816 Lips.
737 4748 813 4810 1869,
834 4766 860 4814 p.
881 4759 939 4794 211.
