3500 5498
808 445 1017 542 ..,,,.8.8,,.,..

265 654 414 736 gehende
430 653 650 718 Schmeichler
674 655 731 716 des
752 656 946 719 reizbarsten
965 650 1101 735 Kiinigs'
1125 654 1182 716 illis
1206 652 1352 715 versibus
1376 653 1559 737 significare

144 811 150 818 .
266 763 352 827 nullo
366 766 465 827 modo
483 785 597 827 ausum
619 785 698 838 esse,
724 775 837 828 contra
859 767 1037 833 irrisionem
1059 767 1162 828 inesse
1179 765 1269 836 iniis,
1290 757 1395 825 ‘wenu
1413 783 1488 826 man
1505 783 1558 826 an-

264 876 388 948 nimmt,
404 876 478 938 dass
492 877 538 937 sie
559 875 641 938 nach
655 876 712 937 der
730 876 828 938 durch
851 877 903 940 die
921 878 1099 958 Erhebung
1113 879 1169 939 des
1182 873 1407 955 Philadelphus
1421 874 1480 935 aul
1496 875 1559 936 den

266 986 376 1048 Thron
408 985 690 1067 herbeigellihrten
723 986 943 1070 Katastrophe
974 988 1032 1050 der
1062 988 1184 1050 Briider
1213 985 1425 1066 geschrieben
1461 979 1552 1046 sind’.

371 1097 419 1159 Ita
455 1095 564 1160 definit
593 1097 737 1164 Richter.
766 1119 796 1180 p.
829 1115 857 1175 3.
894 1100 1000 1182 ipsum
1030 1119 1148 1161 annum
1182 1100 1255 1176 285.
1287 1119 1315 1160 a.
1348 1097 1421 1162 Chr.
1455 1118 1485 1162 n.
1517 1134 1559 1143 -

264 1216 341 1269 ante
370 1207 503 1270 fratrum
528 1209 784 1270 coniurationem
812 1248 863 1282 -,
894 1230 961 1290 quo
986 1208 1200 1272 Callimachus
1232 1208 1317 1269 hunc
1344 1207 1502 1288 hymnum
1528 1208 1560 1269 in

264 1316 462 1397 Philadelphi
482 1317 586 1379 'modo
610 1339 746 1399 regnum
769 1319 908 1382 assecuti
932 1318 1091 1381 honorem
1115 1319 1357 1400 conscripserit:
1395 1319 1495 1380 immo
1519 1337 1559 1379 eo

265 1428 418 1509 progredi
441 1447 537 1490 ausus
560 1438 619 1501 est,
644 1437 679 1490 ut
703 1450 734 1511 p.
756 1446 786 1504 4.
812 1429 886 1491 inde
910 1429 1133 1502 concluderet,
1159 1448 1288 1490 carmen
1314 1429 1355 1490 ad
1379 1429 1468 1510 ipsos
1492 1429 1560 1490 dies

265 1536 379 1612 festos,
410 1539 525 1620 quibus
557 1539 773 1602 celebraretur
804 1539 1031 1619 Philadelphus
1054 1559 1111 1602 rex
1136 1559 1239 1619 nuper
1261 1539 1467 1614 constitutus,
1493 1538 1560 1600 illu-

265 1650 415 1711 strandos
438 1650 594 1731 scriptum
621 1670 701 1712 esse.
1207 1655 1213 1662 “

371 1759 420 1821 Ea
443 1768 492 1820 est
514 1759 656 1822 Richteri
686 1759 807 1842 opini0,
839 1781 937 1841 quam
970 1761 1119 1842 equidem
1144 1758 1345 1822 falsissimam
1371 1780 1441 1820 esse
1465 1769 1555 1842 puto.

265 1868 348 1930 Nam
379 1869 468 1950 quod
502 1871 679 1933 maximum
708 1879 757 1932 est
786 1870 886 1953 (quod
919 1880 1029 1932 tamen
1058 1870 1185 1932 silentio
1216 1870 1381 1951 praeteriit
1405 1868 1559 1954 Richter.)

265 1999 306 2042 eo
336 1979 408 2060 ipso
436 1999 522 2041 anno
547 1979 759 2043 Callimachus
783 1982 883 2044 Lares
907 1980 1148 2043 Alexandream
1172 1980 1316 2041 nondum
1344 1979 1559 2054 transtulerat,

265 2089 322 2150 sed
346 2086 493 2169 Cyrenae
516 2089 675 2154 habitavit
707 2102 739 2155 et
769 2092 953 2176 quindecim
984 2092 1049 2172 fere
1079 2110 1181 2154 annos
1213 2099 1307 2152 natus
1330 2099 1399 2154 erat
1412 2088 1443 2172 ¹).
1494 2089 1561 2153 Sci·

266 2218 337 2260 mus
360 2210 508 2282 praetera
530 2200 769 2276 Callimachum,
794 2203 849 2264 ubi
872 2203 1010 2285 primum
1036 2202 1276 2264 Alexandream
1301 2202 1563 2282 commigraverit

267 2329 308 2370 ex
331 2310 408 2372 urbe
433 2310 568 2391 Cyrena‚
593 2311 752 2385 Eleusine,
778 2313 868 2394 quod
891 2322 959 2375 erat
981 2311 1166 2396 κωμύὸριοτ
1198 2312 1435 2386 Alexandreae,
1468 2312 1561 2374 scho-

266 2419 330 2480 lam
360 2421 517 2502 privatam
547 2421 697 2484 habuisse
710 2425 752 2505 2);
786 2425 857 2506 quis
887 2435 996 2487 autem
1021 2436 1078 2498 est,
1105 2428 1159 2506 qui
1184 2424 1415 2490 Callimachum
1438 2423 1559 2486 adoles·

266 2539 394 2592 centem
417 2531 600 2612 quindecim
623 2532 689 2596 sere
719 2555 822 2596 annos
853 2545 1006 2616 agentem
1029 2537 1179 2602 Eleusine
1210 2535 1340 2600 scholae
1370 2535 1560 2614 magistrum

266 2640 332 2702 iam
355 2639 451 2702 fuisse
475 2651 506 2702 et
529 2640 652 2723 hymno
676 2645 761 2724 regis
792 2645 936 2708 favorem
969 2647 1028 2708 sibi
1059 2649 1266 2730 acquisivisse
1290 2645 1416 2712 credat!
1440 2644 1562 2708 Contra

266 2750 397 2814 Linclre.
423 2751 454 2834 (l.
479 2751 497 2816 l.
523 2775 552 2834 p.
582 2755 622 2836 7.)
646 2752 880 2817 Callimachum
911 2757 993 2818 circa
1024 2756 1064 2823 ol.
1101 2775 1169 2837 129.
1201 2760 1253 2840 (z
1278 2779 1305 2822 a.
1333 2769 1406 2836 259.
1432 2777 1459 2821 a.
1485 2753 1561 2820 Chr.

266 2862 310 2944 n.)
333 2861 464 2923 demum
489 2863 644 2926 maiorem
669 2864 805 2944 gloriam
819 2862 841 2950 ³)
866 2866 1094 2930 Alexandreae
1125 2869 1186 2931 sibi
1210 2869 1372 2950 paravisse
1404 2866 1562 2928 et.Musei

267 2971 372 3044 sociis,
398 2971 541 3054 inprimis
564 2984 674 3035 autem
699 2973 868 3039 Zenodoto
893 2978 971 3048 seni,
997 2978 1183 3040 adiunctum
1208 2997 1279 3041 esse
1302 2978 1429 3042 statuit!

374 3083 476 3145 Recte
499 3092 607 3146 autem
632 3084 791 3166 Droysen.
817 3085 988 3168 plurimum
1013 3089 1120 3149 valere
1151 3097 1270 3160 censet,
1302 3088 1391 3171 quod
1416 3085 1561 3148 Callima·

270 3190 357 3264 chus,
389 3203 488 3274 poeta
519 3192 569 3255 ille
598 3213 673 3256 vere
703 3195 834 3270 aulicuS,
868 3197 1050 3279 nuptiarum
1083 3197 1282 3281 Philadelphi
1313 3218 1388 3260 cum
1418 3196 1561 3258 Arsinoa

271 3301 370 3364 altera
394 3322 504 3364 sorore
530 3304 727 3367 mentionem
753 3326 816 3367 non
842 3305 966 3371 fecerit:
991 3307 1076 3369 nullo
1101 3309 1209 3380 modu,
1235 3308 1260 3369 si
1282 3316 1352 3369 tum
1375 3327 1448 3368 cum
1470 3305 1563 3386 hym·

271 3433 347 3475 num
382 3413 413 3474 in
438 3413 549 3475 lovem
583 3415 767 3495 composuit
802 3436 860 3478 eae
885 3417 1016 3497 nuptiae
1039 3416 1218 3480 celebratae
1245 3420 1309 3479 iam
1343 3425 1458 3488 essent,
1490 3415 1563 3480 talis

270 3531 378 3603 poeta,
404 3524 506 3603 qualis
531 3523 744 3586 Callimachus
768 3534 824 3596 est,
857 3523 945 3609 ἱερὸν
967 3525 1078 3608 γάμον,
1113 3527 1242 3608 qualem
1276 3527 1412 3588 inierant
1432 3525 1561 3589 Uranus

271 3640 304 3693 et
326 3630 425 3706 Gaea,
450 3633 594 3715 luppiter
617 3642 649 3695 et
671 3635 759 3708 luno,
786 3635 928 3716 proferre
952 3645 984 3697 et
1006 3636 1154 3699 laudibus
1177 3636 1342 3698 cumulare
1358 3634 1562 3716 neglexisset.

270 3740 363 3820 Quae
387 3751 499 3804 contra
523 3744 699 3825 disputavit
722 3743 861 3818 Richter,
898 3745 994 3824 plane
1025 3766 1264 3827 supervacanea
1289 3756 1321 3808 et
1343 3747 1447 3807 otiosa
1469 3754 1560 3807 suut:
1592 3786 1598 3794 -

273 3850 422 3914 ›Directe
454 3853 688 3934 Beziehungen,
718 3855 845 3936 scripsit
877 3877 909 3937 p.
938 3873 972 3938 1.,
997 3855 1056 3918 auf
1082 3854 1315 3938 Philadelphus
1338 3855 1451 3917 stellen
1473 3854 1561 3916 aller-

270 3961 364 4041 dings
394 3983 503 4024 ausser
526 3963 662 4036 Zweifel,
693 3965 768 4026 dass
801 3966 857 4026 der
889 3965 1040 4045 Hymnus
1076 3985 1117 4028 an
1148 3965 1201 4027 ihn
1230 3964 1387 4047 gerichtet
1415 3965 1476 4039 sei;
1510 3963 1562 4026 ich

269 4070 490 4150 findejedoch
512 4072 634 4136 keine
659 4073 810 4147 Stelle,
835 4076 900 4138 die
932 4076 1023 4137 eine
1045 4075 1312 4157 Anspielung
1340 4074 1413 4136 aul
1442 4075 1563 4136 diese

269 4179 357 4242 Ehe
389 4184 620 4246 vermissen
651 4185 812 4250 liesse‹.
860 4184 968 4247 Certcl
993 4185 1032 4247 Ei
1057 4187 1140 4248 enim
1171 4185 1233 4247 loci
1256 4184 1340 4248 hanc
1362 4186 1406 4246 ob
1430 4204 1562 4248 causam

378 4446 397 4512 ¹]
418 4450 456 4500 Cf.
477 4451 612 4504 Ritschelii.
632 4451 745 4514 Linclrei,
765 4452 874 4514 Couatii,
894 4453 926 4502 al.
945 4453 1022 4502 libros
1040 4469 1115 4518 supra
1132 4453 1148 4502 l.

375 4540 396 4606 ¹)
417 4541 454 4590 Cl.
475 4543 505 4592 A.
525 4542 669 4592 Weichert:
689 4542 771 4593 Ueber
789 4543 812 4592 d.
833 4543 920 4593 Leben
939 4560 964 4594 u.
984 4543 1048 4593 Ged.
1068 4545 1112 4594 des
1132 4547 1182 4610 Ap.
1201 4560 1224 4594 v.
1244 4546 1293 4594 Rh.
1313 4543 1330 4611 ἓ
1350 4555 1373 4606 3.

377 4626 397 4697 ⁸)
418 4632 455 4681 Cf.
476 4641 572 4696 praeter
591 4634 691 4684 Lincke.
707 4634 806 4684 Conat:
825 4635 979 4700 Rernarques
997 4645 1043 4684 etc.
1064 4651 1087 4700 p.
1112 4649 1149 4686 rr.
1169 4651 1237 4701 seqq.
