3500 5498
831 488 872 569 87

193 716 394 784 sequeretur.
451 702 664 766 Callimachus
698 704 829 784 quidem
863 703 1003 785 hymnos
1038 703 1231 766 Homericos
1266 703 1407 766 imitatus
1442 712 1492 765 est

193 813 244 894 (cf.
271 813 381 893 hymn.
408 815 439 876 in
464 814 555 879 Vulc.
580 835 626 878 vs
652 816 692 886 8,,
717 815 749 876 in
772 814 900 876 Hercul.
925 835 971 879 VS.
996 832 1026 893 9.
1050 815 1111 897 al),
1136 812 1329 876 Theocritus
1346 812 1488 876 Callima·
1595 805 1606 814 ’

193 923 293 985 chum
316 924 408 985 etita
431 923 571 1004 hymnos
597 925 798 990 Homericos,
846 925 938 986 Haec
962 934 1071 987 autem
1096 924 1231 985 imitatio
1255 924 1401 1004 inprimis
1425 923 1489 986 illu-

192 1043 316 1095 stratur
337 1054 386 1108 eo,
417 1035 506 1116 quod
540 1036 571 1095 in
602 1034 711 1115 idyllio
735 1035 930 1126 Theocriteo
953 1035 1043 1096 sicuti
1068 1035 1099 1096 in
1124 1034 1247 1114 hymno
1271 1032 1487 1096 Callimacheo

193 1144 282 1206 Iovis
314 1153 421 1225 partes
451 1145 585 1207 eaedem
616 1145 682 1207 lere
712 1156 788 1207 sunt
816 1153 915 1224 atque
938 1143 1156 1226 Philadelphi:
1189 1165 1246 1206 cur
1277 1144 1364 1206 euim
1385 1144 1489 1206 Theo-

194 1254 294 1315 critus
318 1254 427 1316 lovem
451 1256 537 1316 etin
563 1256 697 1318 exordio
728 1266 759 1316 et
789 1257 820 1317 in
853 1255 939 1316 exitu
969 1254 1140 1317 collocavit
1170 1265 1203 1317 et
1234 1255 1319 1338 regis
1348 1264 1490 1317 tutorem

194 1363 397 1444 praeclarum
421 1365 617 1446 appellavit?
642 1403 682 1411 -
709 1365 889 1427 commovit
912 1364 1096 1428 Callimachi
1121 1365 1304 1444 exemplar!

301 1474 510 1538 Theocritum
535 1496 609 1538 cum
633 1476 751 1538 multos
774 1474 961 1538 Callimachi
993 1476 1103 1557 hymni
1128 1475 1220 1538 locos
1243 1485 1314 1537 turn
1338 1475 1406 1537 eius
1430 1475 1489 1536 dis·

194 1584 394 1665 positionem
437 1586 479 1646 ad
517 1606 552 1660 se
594 1587 773 1648 vindicasse
804 1586 923 1660 tabula,
956 1606 1054 1667 quam
1088 1587 1215 1659 inserui,
1250 1585 1425 1647 dilucidare
1458 1593 1491 1647 et

194 1693 352 1757 illustrare
375 1696 500 1761 studui:
525 1717 589 1777 qua
620 1696 713 1758 simul
744 1717 872 1769 eorum,
907 1717 992 1778 quae
1022 1716 1064 1758 ex
1091 1693 1276 1759 Callimachi
1311 1695 1434 1777 hymno
1458 1695 1489 1756 in

194 1803 314 1866 Delum
340 1806 463 1886 petivit,
489 1806 598 1868 brevis
621 1805 657 1868 fit
682 1816 885 1889 conspectuS.

302 1913 486 1978 Callimachi
520 1916 633 1997 hymni
669 1919 700 1979 iu
730 1918 840 1979 lovem
876 1927 1006 1999 tempus
1040 1913 1236 1979 constituere
1272 1925 1407 1978 conatus
1440 1923 1489 1978 est

196 2025 237 2088 Ο,
263 2024 403 2090 Richter.
420 2025 457 2108 1);
482 2027 555 2090 Vss.
585 2030 632 2105 58.
658 2049 745 2110 seq.:

355 2139 405 2219 τῴ
429 2158 478 2200 τοι
502 2139 556 2202 καὶ
580 2140 700 2221 γνωτοὶ
721 2138 970 2223 προτερηγενέες
994 2147 1054 2214 περ’
1076 2136 1188 2213 ἐόντες

354 2243 497 2328 οὐρανὸν
518 2244 578 2312 οὐκ
601 2245 757 2332 ἓμέγηραν
780 2245 864 2332 ἔχειν
886 2246 1063 2314 ἕπιὸαἰσιον
1085 2243 1177 2313 οἷκον

193 2354 380 2418 referendos
416 2378 486 2420 esse
521 2369 633 2422 censet
667 2361 709 2421 ad
745 2380 794 2422 res
830 2359 919 2422 brevi
956 2370 1131 2439 antequam
1166 2357 1396 2437 Philadelphus
1431 2377 1490 2418 rex

193 2466 300 2530 sactus
331 2477 417 2529 esset
448 2469 533 2548 (285.
557 2490 585 2535 a.
611 2469 684 2532 Chr.
712 2474 754 2554 n.)
787 2479 905 2551 gestas.
952 2469 1156 2532 Ptolemaeus
1187 2447 1273 2531 enim
1308 2466 1403 2531 Soter
1432 2467 1489 2530 Ce-

192 2597 331 2640 raunum
355 2577 526 2641 Euridicae
560 2581 669 2642 uxoris
701 2581 800 2642 silium
824 2589 900 2642 natu
924 2581 1080 2643 maiorem
1104 2579 1301 2662 praeteriens
1326 2578 1424 2660 (Paus
1448 2579 1486 2640 X.

197 2705 248 2766 19.
263 2690 295 2770 4)
319 2688 572 2771 Philadelphum,
598 2691 771 2754 Berenicae
795 2689 903 2766 filium,
929 2711 1039 2772 regem
1064 2691 1201 2752 instituit
1214 2689 1245 2768 2).
1291 2687 1419 2769 Quare
1444 2685 1490 2751 ira

193 2799 248 2860 vel
271 2800 413 2860 maxima
436 2821 607 2881 percussus
630 2800 793 2863 Ceraunus
818 2801 1024 2863 Alexandrea
1047 2801 1157 2862 relicta
1180 2800 1222 2863 ad
1245 2800 1488 2881 Lysimachum,

193 2909 286 2970 cuius
310 2930 392 2971 uxor
415 2910 555 2973 Arsinoa
584 2912 683 2993 ipsius
706 2931 798 2973 soror
820 2921 905 2987 erat,
935 2910 1101 2992 confugit,
1138 2920 1173 2973 ut
1196 2911 1281 2973 hunc
1302 2912 1344 2973 ad
1367 2909 1487 2974 bellum

194 3028 311 3081 contra
334 3004 583 3102 Philadelphum
607 3021 825 3103 compelleret.
871 3020 1098 3103 Philadelphus
1120 3029 1246 3094 autern,
1281 3032 1316 3083 ut
1347 3041 1385 3082 ea
1408 3021 1486 3103 peri·

193 3129 268 3191 cula
298 3129 506 3204 dissolveret,
539 3132 779 3194 matrimonium
809 3133 879 3194 iniit
907 3151 981 3195 cum
1012 3131 1167 3206 Arsinoe,
1197 3130 1383 3212 Lysimachi
1414 3129 1485 3193 filia.

195 3240 274 3320 Qua
298 3261 331 3302 re
355 3240 519 3303 Ceraunus
542 3243 583 3304 ad
613 3241 782 3304 Seleucum
806 3241 979 3322 confugere
1003 3252 1136 3304 coactus
1159 3249 1217 3313 est,
1254 3260 1351 3320 quern
1374 3249 1489 3320 postea

195 3371 284 3412 anno
310 3355 381 3414 281.
401 3372 428 3415 a.
448 3352 520 3414 Chr.
541 3374 568 3414 n.
588 3355 733 3420 necavit:
759 3354 919 3415 exercitus
943 3350 1078 3424 Seleuci,
1104 3351 1158 3430 qui
1183 3370 1222 3412 eo
1245 3350 1316 3429 ipso
1341 3358 1488 3429 tempore

194 3460 429 3541 Lysimachum
446 3462 619 3536 devicerat,
637 3462 828 3537 Ceraunum,
844 3464 930 3543 regis
941 3481 1173 3542 percussorem,
1188 3479 1300 3540 regern
1314 3461 1488 3526 constituit.

195 3571 347 3632 Duorum
376 3581 486 3633 autem
517 3593 690 3654 regnorum
719 3611 762 3621 -
794 3573 1004 3635 Macedoniae
1035 3581 1067 3633 et
1090 3568 1248 3632 Thraciae
1275 3570 1488 3633 -dominus

195 3701 283 3772 anno
314 3683 387 3746 280.
418 3703 446 3744 a.
472 3681 545 3749 Chr.
571 3703 601 3747 n.
634 3683 760 3762 legatos
792 3683 878 3744 misit
907 3683 949 3743 ad
978 3679 1224 3762 Philadelphum
1249 3679 1489 3743 Alexandream

195 3790 282 3870 regis
304 3791 480 3854 amicitiam
503 3793 660 3872 petituros
683 3793 854 3874 ipsumque
878 3791 1070 3873 Aegyptum
1087 3811 1151 3853 non
1171 3791 1312 3873 aspirare
1325 3791 1486 3854 docturos

303 3899 386 3962 Tres
417 3902 467 3962 alii
490 3902 691 3983 Philadelphi
722 3902 850 3975 fratres,
883 3922 958 3964 curn
984 3903 1204 3965 coniurassent
1231 3919 1304 3962 curn
1329 3899 1488 3975 Cerauno,

196 4009 307 4092 paullo
336 4021 412 4092 post
443 4012 627 4093 interempti
657 4022 732 4074 sunt
762 4013 905 4093 itemque
927 4012 1113 4075 Demetrius
1146 4011 1334 4086 PhalereuS,
1367 4013 1490 4094 quippe

196 4121 252 4201 qui
275 4119 462 4185 Ptolemaeo
487 4124 580 4205 patri,
607 4143 646 4185 ne
670 4121 807 4185 Cerauni
832 4122 886 4184 filii
902 4123 1051 4201 primoris
1074 4123 1122 4183 ius
1139 4122 1297 4195 laederet,
1322 4122 1485 4187 suasisset.

195 4231 262 4293 Eas
278 4240 388 4292 autem
405 4251 480 4293 cum
496 4230 647 4296 fratribus
663 4253 715 4294 res
731 4231 971 4306 Callimachum,
987 4225 1103 4295 ‘dieser
1119 4231 1212 4306 feine,
1231 4230 1291 4294 aus
1302 4233 1365 4294 den
1381 4230 1491 4293 Zehen

312 4427 329 4494 ¹)
348 4429 381 4480 Ο.
405 4431 519 4480 Richter:
548 4428 722 4480 Kallimachus
741 4429 858 4493 Hymnen
886 4430 932 4478 auf
948 4431 1012 4479 Zeus
1030 4430 1083 4479 und
1101 4430 1204 4495 Apollo.
1223 4457 1258 4467 -
1275 4428 1341 4478 Zwei
1361 4427 1492 4478 Momente

196 4524 234 4572 im
253 4521 342 4571 Leben
361 4522 405 4573 des
423 4523 581 4573 Ptolemaeus
599 4522 786 4586 Philadelphus.
807 4538 888 4586 progr.
907 4537 992 4586 gymn.
1013 4521 1111 4571 Guhen.
1135 4521 1210 4584 1871.

307 4611 327 4682 ²)
347 4615 435 4664 lustin.
454 4615 522 4664 XVI.
543 4627 573 4664 2:
603 4615 696 4664 Contra
719 4615 757 4664 ius
775 4615 886 4679 gentium
911 4615 1015 4664 minimo
1034 4623 1095 4664 natu
1114 4615 1219 4664 exsiliis
1237 4621 1294 4663 ante
1321 4612 1491 4663 infirmitatem

198 4723 306 4772 regnum
325 4707 458 4757 tradiderat
479 4705 594 4773 (Ptolem.
614 4704 645 4767 ll
665 4709 767 4772 eiusque
785 4707 819 4754 rei
837 4707 933 4770 populo
952 4707 1074 4757 rationem
1093 4707 1235 4756 reddiderat
1253 4717 1299 4755 etc.
1358 4713 1367 4725 '
