3500 5498
923 467 966 530 60

839 561 1049 568 μ’*

293 678 359 740 vita
383 689 476 742 etc«.
517 679 600 742 Cum
627 681 727 762 igitur
750 680 846 763 plane
870 682 967 744 iaciat
989 701 1062 744 cum
1079 681 1224 744 Haulero
1248 701 1352 762 neque
1376 681 1443 744 eius
1466 700 1590 742 errores

294 791 505 872 perspexerit,
530 811 615 853 nova
638 801 832 873 argumenta
856 792 1001 873 proferre
1023 811 1297 873 supervacaneum
1319 801 1377 854 est.

397 902 463 963 Res
486 901 584 982 igitur
606 902 650 964 ita
673 921 745 964 sese
771 901 887 969 habet:
918 904 1128 966 deseruerunt
1150 901 1206 962 viri
1231 901 1318 964 docti
1349 919 1422 964 eam
1447 901 1491 963 ob
1520 921 1592 964 cau-

293 1031 362 1074 sam
395 1009 565 1074 Gerhardii
591 1010 835 1093 Weichertique
868 1012 1071 1091 opinionem,
1101 1015 1180 1074 'curn
1216 1010 1427 1074 Theocritum
1458 1029 1590 1074 carmen

291 1122 362 1184 Vll.
388 1132 564 1202 antequam
589 1120 785 1204 Apollonius
815 1122 964 1184 Rhodius
988 1121 1213 1184 Alexandreae
1237 1121 1435 1184 inclaruisset
1457 1141 1590 1203 compo·

291 1232 392 1296 suisse
414 1251 603 1314 persuasum
628 1231 688 1293 sibi
711 1231 880 1298 haberent.
928 1233 1040 1312 ltaque
1064 1251 1137 1294 curn
1169 1253 1213 1295 vs.
1248 1241 1301 1311 45.
1334 1251 1423 1313 seqq.
1455 1240 1590 1313 poetam

294 1342 474 1405 Homerum
504 1343 682 1404 imitantem
715 1343 888 1424 perstringi
924 1341 1148 1415 concederent,
1181 1341 1387 1423 Antagoram
1410 1340 1588 1414 Rhodium,

293 1453 415 1534 quippe
438 1451 493 1534 qui
518 1471 557 1514 eo
580 1460 726 1533 tempore
743 1453 835 1535 poesi
853 1453 965 1534 epicae
982 1452 1136 1514 maiorem
1154 1472 1288 1532 operam
1305 1453 1456 1526 dedisset,
1484 1456 1589 1515 notari

292 1571 474 1626 statuerunt
487 1560 517 1645 ¹).
558 1563 677 1626 Iustam
701 1572 813 1625 autern
837 1582 978 1646 causam,
1002 1562 1045 1623 ob
1062 1580 1158 1641 quam
1174 1551 1407 1644 Apollonicum
1422 1563 1588 1626 Rhodium

292 1693 357 1734 non
372 1681 561 1744 statuamus,
587 1672 739 1753 equidem
764 1691 830 1735 non
853 1673 966 1738 video:
991 1672 1091 1734 immo
1109 1673 1218 1734 omnia
1234 1672 1458 1756 comprobant,
1480 1672 1588 1737 Theo·

292 1783 406 1845 critum
431 1781 616 1850 Callimachi
641 1783 682 1844 de
705 1791 776 1848 arte
799 1783 929 1864 poetica
951 1783 1040 1864 leges
1062 1791 1208 1846 secutum
1233 1791 1344 1846 contra
1371 1783 1589 1864 Apollonium

292 1892 456 1956 Rhodium
488 1913 545 1955 eos
568 1913 679 1956 versus
703 1895 880 1974 scripsisse.
929 1894 1122 1957 Theocritus
1154 1893 1241 1955 enim
1264 1892 1445 1955 carminum
1471 1893 1589 1956 minus·

292 1981 436 2065 culorum
454 2004 511 2066 sed
534 2021 660 2066 summa
682 1995 750 2067 arte
764 2005 983 2084 expolitorum
1000 2013 1094 2066 autor
1109 2012 1196 2066 certe
1213 2001 1288 2066 iecit
1310 2024 1384 2065 cum
1400 2002 1589 2067 Callimachi

292 2112 420 2192 regula:
716 2113 756 2179 τὸ
779 2111 867 2198 (γὰρ)
889 2113 976 2198 μέγα
991 2115 1116 2194 βιβλίον
1138 2108 1209 2177 ἶσον

450 2225 500 2306 τῷ
522 2221 654 2307 μεγάλῳ
676 2225 770 2307 κακῷ
784 2225 818 2306 ²).

292 2333 405 2414 Itaque
428 2353 500 2394 cum
518 2331 722 2415 Apollonius,
747 2332 934 2397 Callimachi
957 2332 1130 2416 discipulus
1153 2331 1291 2396 fervidus
1317 2342 1349 2395 et
1372 2333 1493 2416 gloriae
1508 2354 1586 2416 poe·

291 2444 375 2505 ticae
398 2444 574 2526 cupiditate
601 2463 778 2525 permagna
809 2443 967 2516 incensuS,
1000 2444 1220 2525 praeceptoris
1254 2443 1371 2526 regulis
1403 2444 1520 2526 spretis
1550 2465 1589 2508 se

290 2553 432 2615 carmine
455 2553 549 2635 epico
573 2553 753 2616 Homerum
783 2572 923 2634 aequare
956 2572 1054 2634 posse
1081 2563 1224 2634 speraret
1255 2562 1288 2615 et
1311 2553 1414 2616 Musei
1444 2552 1586 2616 Alexan·

291 2663 373 2725 drini
406 2663 534 2725 sodales
564 2663 646 2746 (ipse
676 2661 873 2728 Theocritus
902 2660 1127 2725 Alexandreae
1150 2672 1218 2725 tum
1243 2663 1444 2745 versabatur)
1467 2665 1586 2746 partim

291 2771 489 2835 Callimacho
512 2771 608 2835 fidem
632 2781 807 2846 servarent,
831 2765 946 2853 p‘artim
977 2770 1153 2854 Apollonio
1177 2774 1411 2856 applauderent
1422 2776 1454 2858 ³),
1479 2774 1586 2836 Theo-

289 2884 387 2945 critus
410 2891 497 2945 certe
520 2902 585 2945 non
609 2883 776 2956 dubitavit,
816 2882 892 2963 quin
922 2882 1029 2944 statim
1054 2883 1240 2946 Callimachi
1264 2894 1373 2964 partes
1398 2894 1587 2964 sequeretur

291 3003 323 3055 et
347 2992 478 3054 omnino
503 2991 535 3054 id
557 3002 678 3072 ageret,
704 3001 740 3054 ut
770 2992 1005 3073 ineptissimum
1037 3013 1108 3055 esse
1137 3001 1300 3057 certamen
1331 3015 1405 3057 cum
1435 2994 1582 3058 Homero

290 3103 484 3165 ostenderet.
531 3103 579 3166 lta
601 3103 641 3164 id.
667 3102 736 3164 Vll.
775 3123 828 3165 vss
858 3115 910 3181 45.
943 3123 1032 3185 seqq.
1066 3104 1248 3182 explicandi
1283 3114 1366 3166 sunt.
1422 3105 1586 3184 Quaeren-

289 3213 368 3274 dum
384 3212 481 3300 igitur
497 3199 554 3285 est,
573 3233 638 3292 quo
655 3233 741 3275 anno
758 3212 823 3276 iere
838 3212 1030 3292 Apollonius
1045 3215 1267 3295 Argonautica
1279 3213 1419 3296 primum
1438 3214 1584 3286 ediderit,

291 3324 331 3386 de
353 3342 418 3405 qua
441 3343 474 3384 re
496 3330 572 3404 post
594 3321 783 3384 Merkelium
801 3324 925 3403 optime
941 3323 1118 3405 disputavit
1141 3323 1259 3388 Couat.
1307 3323 1450 3386 Merkelii
1473 3332 1583 3386 autem

505 3504 558 3512 ——-

400 3591 415 3660 ¹)
436 3592 562 3642 Fritzschii
583 3592 632 3657 (ed.
656 3591 714 3640 mai.
733 3593 765 3642 ad
784 3593 841 3643 Vll.
862 3591 916 3661 48.)
936 3593 1036 3658 opinio:
1059 3592 1153 3641 »notari
1172 3608 1201 3640 ac
1220 3591 1326 3641 vellicari
1349 3597 1436 3655 poetas
1454 3593 1580 3655 aequales,

288 3701 301 3734 e
320 3702 357 3750 gr.
377 3685 540 3750 Apollonium
553 3684 680 3733 Rhodium
699 3685 738 3733 vel
751 3683 936 3734 Callimachum
955 3684 1059 3750 exposui
1077 3684 1117 3732 de
1136 3692 1222 3747 poet.
1243 3700 1285 3748 gr.
1304 3684 1370 3732 buc
1399 3699 1423 3748 p.
1446 3694 1494 3744 5.«,
1516 3684 1585 3747 quod

290 3779 376 3827 attinet
404 3777 436 3826 ad
462 3775 645 3825 Callimachum
673 3776 805 3826 salsissima
830 3787 882 3828 est.
908 3778 1027 3842 quoniam
1053 3776 1222 3840 perstringitur
1248 3783 1323 3840 poeta
1342 3775 1444 3839 quidam
1471 3777 1585 3840 magni

289 3870 404 3920 carminis
421 3868 492 3934 epici.
525 3867 666 3916 Meiuekius
684 3868 722 3917 ed.
743 3886 769 3934 p,
785 3881 836 3931 314
855 3886 878 3918 n.
901 3870 963 3918 haec
982 3869 1072 3918 habet:
1096 3868 1141 3916 »ln
1160 3868 1327 3917 simultatibus
1346 3883 1411 3930 quae
1425 3867 1583 3916 Callimacho

289 3979 346 4012 cum
360 3961 495 4025 Apollonio
514 3959 619 4021 fuerunt,
641 3960 717 4010 utrius
735 3970 818 4025 partes
836 3970 934 4010 secutus
952 3961 983 4009 sit
1001 3977 1052 4009 non
1071 3960 1177 4009 dubium
1198 3968 1269 4020 esset,
1289 3959 1309 4008 si
1328 3969 1393 4008 recte
1411 3959 1470 4007 Vll.
1487 3969 1529 4022 45.
1541 3959 1584 4020 48.

289 4053 452 4120 Apollonium
475 4051 542 4116 carpi
569 4052 694 4101 statuisset
712 4052 855 4102 Gerhardus
875 4054 955 4101 Lectt.
973 4052 1058 4116 Apoll.
1079 4069 1104 4116 p.
1129 4061 1150 4114 5.
1172 4061 1260 4101 contra
1279 4067 1353 4116 quem
1372 4051 1429 4100 vide
1448 4067 1513 4114 quae
1532 4051 1582 4100 dis·

291 4146 387 4210 putavit
407 4144 542 4193 Merkelius
563 4144 660 4209 Pruleg.
680 4146 730 4208 Ap.
754 4143 827 4207 1873.
848 4163 873 4212 p.
894 4146 993 4194 XXV«.

397 4234 416 4306 ²)
436 4235 475 4286 Cf.
497 4236 529 4285 0.
550 4235 700 4286 Schneider:
721 4235 897 4286 Callimachea.
917 4237 986 4302 Lips.
1010 4234 1084 4296 1870.
1110 4235 1139 4284 ir.
1160 4246 1221 4299 359.

395 4325 416 4396 ³)
435 4329 498 4378 Rem
522 4336 579 4394 post
601 4327 769 4378 Weichertum
795 4338 819 4378 et
838 4329 988 4378 Merkelium
1013 4329 1112 4377 uberius
1137 4336 1305 4392 exposuerunt
1330 4343 1387 4376 curn
1408 4328 1504 4378 Linclre
1523 4330 1540 4378 l.
1561 4331 1582 4382 l.

288 4440 313 4488 p.
337 4423 375 4471 16.
395 4437 474 4486 seqq,
493 4421 536 4485 qui
554 4435 631 4485 saepe
648 4421 752 4484 erravit,
772 4430 824 4470 tum
844 4421 927 4470 Couat
947 4416 982 4488 (la
1001 4421 1112 4484 querella
1130 4418 1202 4482 ete),
1222 4420 1265 4484 qui
1283 4436 1307 4485 p.
1332 4430 1371 4480 ¹7.
1391 4420 1452 4469 haec
1471 4421 1585 4486 scripsit:

291 4513 456 4580 ‚Apollonius
482 4511 568 4562 n'etait
593 4511 658 4560 donc
683 4528 728 4578 pas
754 4513 866 4578 l'uniqne
890 4512 1029 4562 adversaire
1053 4511 1084 4560 de
1103 4511 1272 4576 Callimaque;
1298 4511 1316 4560 il
1339 4512 1376 4560 iut
1402 4513 1540 4563 seulement
1559 4515 1584 4563 le

290 4607 346 4672 plus
365 4605 474 4667 illustre,
500 4612 524 4654 et
549 4611 638 4653 autour
657 4601 688 4652 de
706 4603 742 4653 lui
760 4620 786 4658 se
807 4599 939 4669 rangerent
957 4620 1015 4653 sans
1033 4603 1109 4653 doute
1136 4603 1172 4652 les
1189 4604 1311 4669 partisans
1337 4605 1368 4656 de
1387 4605 1529 4655 l'imitation
1549 4608 1582 4660 de

288 4695 404 4767 l'e'popee
423 4697 549 4766 antique«.
