3500 5498
797 490 831 556 51

160 707 295 771 operam
320 689 447 751 dedisse
458 689 491 767 ¹).
538 689 649 772 Atque
674 711 747 753 cum
778 691 917 756 Aratum
948 708 1022 752 cum
1054 688 1240 751 hominibus
1275 685 1457 751 Coensibus

158 807 226 860 arte
251 800 458 860 coniunctum
483 799 659 875 videamus,
686 821 759 863 eum
785 801 816 863 in
841 821 880 863 ea
894 801 964 882 ipsa
989 800 1102 871 insula,
1128 797 1249 881 quippe
1264 818 1346 878 quae
1371 805 1457 858 esset

158 918 236 972 tunc
259 910 457 990 optimorum
480 911 681 972 medicorum
704 911 809 983 sedes,
835 910 876 972 illi
892 909 952 974 arti
976 930 1010 971 se
1034 909 1162 972 dedisse
1187 907 1271 969 hanc
1302 907 1457 969 audacter

158 1029 302 1080 statuere
326 1020 401 1080 mihi
424 1020 547 1086 videor.
595 1020 686 1083 Circa
710 1041 830 1083 annum
855 1028 963 1083 autem
988 1037 1061 1100 300.
1086 1040 1114 1081 a.
1140 1017 1212 1081 Chr.
1245 1039 1276 1082 n.
1299 1017 1331 1080 in
1354 1017 1455 1080 vitam

158 1129 249 1191 venit
273 1129 411 1210 (Kopke.
438 1129 456 1191 l.
475 1129 492 1192 l.
512 1151 542 1212 p.
570 1147 646 1204 219,
665 1151 749 1193 anno
775 1127 917 1214 277J76.
934 1153 961 1197 a.
979 1129 1053 1196 Chr.
1078 1127 1156 1208 n,²)
1179 1149 1252 1190 cum
1269 1127 1457 1208 Antigonus

157 1237 306 1302 Gonatas
322 1239 452 1312 Philam,
479 1239 631 1302 Antiochi
648 1261 801 1316 sororem,
826 1244 858 1304 in
875 1241 1114 1304 matrimonium
1131 1240 1274 1314 duceret,
1299 1256 1452 1301 unacum

157 1350 295 1412 Persaeo
319 1349 432 1412 Stoico
454 1352 494 1412 ad
526 1370 637 1430 regem
661 1351 778 1414 Pellam
810 1373 845 1414 se
869 1352 1013 1418 contulit.
1060 1351 1247 1432 Priusquam
1277 1325 1388 1412 autem
1415 1367 1455 1410 eo

158 1460 386 1541 permigraret'
399 1460 537 1522 Athenis
559 1460 686 1540 longius
705 1471 834 1544 tempus
858 1463 920 1524 iam
942 1443 1076 1535 vixerat,
1102 1461 1210 1540 itaque
1226 1459 1309 1522 circa
1333 1479 1361 1520 a.
1382 1460 1453 1522 280.

156 1589 185 1630 a.
212 1567 287 1631 Chr.
312 1591 342 1634 n.
369 1571 398 1632 in
423 1569 523 1632 insula
540 1569 587 1658 Co
612 1574 688 1633 artis
711 1573 859 1634 medicae
883 1572 1074 1634 ediscendae
1096 1591 1193 1633 causa
1216 1588 1290 1631 eum
1306 1568 1368 1630 XX
1390 1566 1455 1630 fere

156 1698 319 1740 annorum
340 1679 579 1743 adolescentem
605 1691 770 1745 versatum
795 1703 866 1746 esse
881 1683 1088 1745 statuendum
1110 1689 1168 1746 est.
1209 1679 1336 1742 Eodem
1359 1678 1455 1759 igitur

157 1798 310 1871 tempore
333 1809 383 1852 res
408 1789 501 1852 huius
525 1791 624 1872 idyllii
648 1802 740 1855 actae
763 1803 847 1857 sunt.
1147 1865 1150 1872 ¹

266 1899 430 1962 Lubenter
452 1909 561 1963 autem
585 1903 731 1964 concedo
747 1902 890 1966 Haulero
913 1903 942 1984 (l.
968 1903 986 1964 l.
1005 1923 1034 1982 p.
1056 1902 1120 1983 63.)
1144 1899 1356 1963 Theocritum
1381 1898 1456 1960 inde

156 2029 175 2069 a
200 2029 245 2070 vs.
278 2001 346 2087 1'03.
373 2012 415 2072 ad
437 2027 506 2091 113.
524 2010 566 2072 id.
586 2012 654 2078 Vll.
679 2013 771 2075 Arati
788 2012 900 2094 hymni
925 2014 956 2074 in
972 2013 1094 2074 Panem
1110 2011 1308 2072 mentionem
1331 2007 1471 2081 fecisse,¹

157 2121 199 2180 de
223 2140 289 2200 quo
313 2119 408 2182 refert
432 2121 525 2182 Arati
548 2121 749 2203 biographus
773 2124 905 2188 tertius:
928 2119 1117 2195 ἐπισταθεὶς
1146 2119 1334 2204 (συσταθεὶς
1356 2117 1454 2180 Hem·

156 2229 269 2312 sterh.)
301 2228 334 2294 δὲ
362 2233 412 2313 τῷ
438 2235 563 2310 βασιλεῖ
592 2227 790 2316 (Ἀντιγόνῳ)
822 2239 957 2316 πρῶτον
978 2231 1036 2315 μὲν
1060 2226 1163 2296 αὑτοῦ
1186 2230 1306 2312 ποίημα
1329 2223 1455 2310 ἀνέγνω

157 2338 197 2404 τὸ
229 2338 274 2414 εἰς
298 2340 357 2404 τὸν
388 2343 483 2404 Πᾶνα
515 2350 576 2426 τῆς
599 2338 771 2426 Ἀρκαδίας,
802 2336 860 2406 εἰτ’
883 2339 1008 2406 ἐκείνου
1031 2340 1244 2414 κελεύσαντος
1267 2335 1389 2422 ἔγραψε
1412 2335 1455 2402 τὰ

162 2451 358 2534 Φαινόμεαα,
383 2473 424 2514 ex
449 2453 565 2532 quibus
589 2452 797 2534 perspicuum
820 2453 948 2514 videtur
970 2451 1153 2534 Koepkeio,
1179 2449 1328 2523 Aratum,
1354 2467 1453 2528 quum

158 2563 189 2623 in
213 2562 440 2624 Macedoniam
461 2563 594 2635 veniret,
620 2572 655 2624 ut
686 2564 741 2644 qui
771 2573 926 2644 tanquam
944 2562 1103 2644 primitias
1127 2560 1245 2640 ingenii
1268 2559 1315 2620 sui
1333 2558 1452 2640 poetici

159 2674 191 2735 in
216 2673 376 2754 Antigoni
391 2675 476 2754 regis
491 2675 640 2736 notitiam
656 2672 820 2755 perferret,
837 2675 978 2735 tironem
994 2681 1082 2734 certe
1100 2680 1199 2755 atque
1216 2669 1323 2731 adhuc
1340 2667 1454 2730 rudem

155 2784 187 2844 in
211 2792 281 2845 arte
304 2784 434 2865 poetica
458 2783 563 2845 fuisse.
612 2783 759 2850 Tradidit
790 2783 886 2862 igitur
909 2783 1031 2844 Aratus
1060 2780 1145 2843 hunc
1176 2782 1334 2860 hymnum
1363 2777 1454 2840 Anti-

157 2913 247 2974 gono
262 2901 355 2955 'anno
379 2893 445 2956 fere
470 2909 543 2974 277.
568 2914 596 2956 a.
622 2893 695 2956 Chr.
725 2914 755 2957 n.
772 2889 804 2977 ³),
832 2913 874 2954 ex
898 2913 960 2972 qua
984 2913 1019 2954 re
1042 2912 1115 2956 mea
1138 2889 1297 2953 sententia
1321 2907 1386 2951 non
1408 2908 1454 2950 se·

157 3004 274 3084 quitur,
300 3005 448 3068 carminis
472 3003 655 3066 Theocritei
680 3024 729 3066 res
754 3012 849 3085 post
872 3003 956 3064 hunc
979 3021 1109 3075 annum,
1136 3009 1171 3062 ut
1194 3007 1304 3062 censet
1319 2996 1450 3071 Hauler,

157 3124 247 3176 actas
272 3134 356 3176 esse:
382 3114 482 3176 immo
506 3123 591 3175 recte
615 3122 755 3176 statuere
778 3112 856 3174 mihi
879 3113 1000 3187 videor,
1025 3113 1163 3175 Aratum
1187 3110 1344 3191 hymnum
1366 3107 1453 3169 illum

157 3233 333 3303 antequam
351 3225 474 3286 Pellam
496 3244 567 3286 sese
589 3224 778 3286 contulisset
800 3224 864 3285 iam
887 3223 1108 3302 composuisse
1130 3230 1162 3282 et
1185 3239 1235 3281 res
1252 3239 1291 3280 eo
1316 3207 1453 3280 celehra·

158 3343 208 3397 tas
232 3354 306 3396 cum
330 3335 441 3396 amicis
466 3333 646 3396 Coensibus
669 3334 935 3404 communicasse,
967 3341 1002 3394 ut
1031 3331 1180 3394 facillime
1202 3327 1397 3390 Theocritus
1420 3326 1454 3388 id

159 3463 289 3506 carmen
312 3443 491 3522 significare
516 3454 627 3523 posset
650 3446 714 3506 iam
736 3453 811 3506 ante
834 3465 861 3506 a.
886 3459 959 3523 277.
984 3463 1011 3504 a.
1037 3440 1110 3504 Chr.
1136 3460 1166 3502 n.
1214 3439 1299 3501 Huic
1321 3437 1454 3519 quidem

160 3555 305 3636 opinioni
329 3555 391 3615 alia
413 3575 545 3637 quoque
568 3555 685 3621 favent.
732 3554 899 3638 Respicias
923 3572 1046 3634 quaeso
1071 3550 1219 3614 carminis
1249 3568 1303 3610 eas
1335 3555 1452 3630 partes,

159 3665 278 3746 quibus
303 3665 372 3744 agit
394 3673 494 3746 poeta
518 3666 559 3727 de
582 3666 761 3728 amicorum
784 3663 981 3726 commercio
1005 3671 1128 3734 mutuo,
1154 3661 1194 3722 de
1219 3657 1453 3720 consuetudine

158 3775 251 3837 hilari
273 3784 306 3837 et
329 3777 477 3849 iucunda,
502 3776 542 3838 de
566 3775 731 3839 amoribus
757 3772 1010 3835 adolescentium
1033 3780 1103 3833 tum
1133 3768 1279 3832 felicibus
1309 3776 1380 3829 tum
1410 3765 1453 3829 in·

160 3893 426 3911 Μ-

269 3954 287 4023 ’)
307 3956 377 4004 Suid.
397 3956 430 4004 ad
448 3972 507 4004 eum
525 3955 597 4004 refert
617 3951 749 4006 oivdaurr
770 3949 939 4024 φαρμάκων,
963 3957 1112 4018 stuprator
1132 3944 1285 4011 ἐπιτήδεια,
1305 3945 1454 4014 ἅνθρωπο-

158 4054 270 4116 yom'rrr,
291 4045 430 4116 α’ναῑυμὴν
449 4049 481 4100 al.
495 4047 577 4096 Etiam
592 4051 823 4099 Phaenomenorum
842 4056 866 4097 et
876 4048 1065 4096 Diosemeorum
1078 4050 1252 4108 argumentum
1271 4055 1329 4090 eum
1347 4047 1452 4087 naturae

158 4149 364 4207 perscrutatorem
384 4142 498 4190 ostendit.
537 4141 574 4190 Cf.
595 4144 624 4190 A.
645 4143 764 4206 Breysig:
784 4141 853 4190 Arati
872 4155 958 4204 genus,
978 4154 1061 4202 progr.
1081 4136 1174 4185 Erfurt.
1197 4132 1272 4196 1870.
1292 4149 1316 4198 p.
1337 4142 1379 4194 33.

271 4233 292 4294 ²)
311 4233 493 4282 Westermann.
511 4235 590 4298 biogr.
617 4251 641 4298 p.
662 4234 702 4282 60.
724 4247 767 4282 12:
790 4233 945 4300 παρελθεῖν
973 4231 1000 4288 ἐς
1020 4225 1068 4281 τὸν
1094 4222 1255 4295 Ἀντιγόναν
1281 4225 1329 4276 καὶ
1360 4225 1452 4282 Φίλας

160 4323 263 4396 γάμον.
301 4326 419 4374 Ritschl.·
449 4327 497 4374 Die
524 4325 586 4376 alex.
615 4327 695 4376 Bibl.:
728 4327 777 4374 »Es
801 4326 992 4376 warrwischen
1015 4323 1047 4373 ol.
1071 4334 1163 4381 ¹24·2
1191 4319 1243 4369 und
1265 4329 1321 4383 125.
1343 4333 1377 4380 4.,
1397 4319 1455 4368 dass

158 4423 252 4470 Aratus
269 4421 295 4469 in
307 4419 458 4484 Begleitung
468 4420 548 4468 seines
560 4419 673 4481 Lehrers,
693 4419 737 4468 des
751 4419 860 4468 Stoilrers
872 4419 997 4479 Persaeus,
1012 4433 1060 4466 von
1073 4416 1157 4464 Athen
1174 4429 1230 4462 zum
1244 4411 1453 4462 macedonischen

161 4513 264 4576 Konige
282 4511 470 4561 iibersiedelteae.
490 4528 515 4576 p.
535 4509 577 4560 88.
617 4512 764 4561 Accuratius
782 4528 876 4560 annum
897 4510 1010 4560 definivit
1028 4508 1122 4574 Ko'pke
1140 4507 1157 4556 l.
1177 4506 1193 4557 1.
1212 4522 1237 4570 p.
1261 4516 1282 4565 3.
1303 4519 1373 4570 seqq,

265 4601 288 4672 ³)
309 4603 410 4653 Hauler,
432 4621 455 4668 p.
476 4604 518 4665 63.
547 4604 679 4654 Ritschelii
709 4606 921 4669 computationem
947 4601 984 4668 (ut
1003 4601 1108 4667 videtur)
1128 4606 1226 4649 secutus
1245 4596 1330 4646 statuit
1347 4611 1370 4645 a.
1391 4605 1452 4660 272,

161 4711 183 4746 a.
204 4692 263 4744 Chr.
283 4708 316 4755 n,
336 4693 404 4758 qnod
423 4708 511 4760 parum
530 4701 675 4742 accuratum
695 4708 748 4742 esse
768 4693 945 4744 demonstravit
964 4691 1067 4766 Kopke.
