3500 5498
25 767 31 830 l

249 711 296 776 Ut
319 713 429 774 omnia
451 723 561 775 autem
588 713 804 795 explanentur
827 723 859 776 et
887 715 1054 777 nobiscum
1078 711 1195 775 iaciant
1216 712 1438 780 disserendum

142 831 191 884 est
213 823 256 884 de
277 822 524 904 provinciarum,
549 845 629 906 quas
654 823 846 887 Theocritus
869 826 943 887 inde
976 845 995 885 a
1021 845 1069 889 vs,
1102 824 1153 889 86.
1178 824 1221 885 ad
1252 839 1304 903 92.
1337 843 1439 904 usque

141 940 322 1003 enumerat,¹
351 941 437 994 statu
473 943 504 996 et
539 933 619 998 latis.
675 935 860 998 Antecessit
895 935 1025 1016 quidem
1056 933 1214 996 Haulerus
1248 934 1307 1008 vel,
1340 955 1437 1016 quem

142 1041 236 1124 plane
261 1043 422 1122 excripsit,
449 1045 660 1124 Droysenius,
686 1045 731 1108 ita
755 1055 873 1124 tamen,
899 1055 934 1107 ut
955 1066 1011 1108 eas
1034 1046 1217 1124 provincias
1246 1066 1360 1116 omnes
1393 1045 1435 1108 ad

141 1153 320 1216 secundum
337 1155 457 1218 bellum
476 1155 594 1237 Syrum
618 1154 758 1220 referret.
796 1156 906 1218 Meum
929 1155 1027 1235 igitur
1051 1155 1110 1218 erit
1126 1156 1357 1226 demonstrare.
1383 1176 1438 1218 eas

143 1265 326 1345 provincias
343 1276 439 1328 antea
456 1267 520 1328 iam
536 1265 742 1347 Philadelphi
759 1287 830 1328 esse
846 1267 1000 1348 potuisse.
1037 1267 1315 1332 Praemonendum
1327 1275 1436 1330 autem

143 1375 219 1436 mihi
243 1375 369 1438 uidetur
392 1397 443 1438 res
466 1377 534 1438 eius
565 1377 679 1439 aetatis
711 1377 796 1438 adeo
823 1377 1000 1458 permixtas
1033 1377 1194 1458 tantisque
1225 1377 1365 1439 tenebris
1395 1377 1437 1439 in-

142 1484 269 1546 volutas
285 1487 365 1560 esse,
390 1495 425 1548 ut
447 1487 565 1567 aliquid
582 1496 705 1549 certum
723 1496 756 1548 et
772 1486 812 1548 ab
830 1487 918 1551 omni
934 1495 1027 1569 parte
1048 1486 1273 1549 confirmatum
1296 1496 1439 1550 statuere

143 1594 366 1657 difficillimum
383 1598 432 1662 sit.
468 1597 566 1676 Quod
584 1597 745 1658 neminem
762 1603 904 1678 unquam
921 1596 1022 1677 fugit:
1047 1599 1153 1679 itaque
1176 1598 1308 1678 Thrige,
1326 1618 1434 1660 rerum

143 1703 267 1766 illarum
299 1715 518 1787 perscrutator
542 1706 759 1787 gravissimus
792 1707 824 1768 id
849 1706 968 1769 bellum
993 1709 1081 1790 quod
1110 1707 1252 1790 appellat
1275 1708 1434 1790 Droysen.

142 1816 322 1877 secuudum
347 1815 474 1897 Syrum,
493 1837 605 1880 revera
620 1837 785 1899 nunquam
804 1816 900 1878 fuisse
915 1816 1043 1898 scripsit
1066 1818 1142 1900 (Res
1164 1817 1280 1898 Cyren.
1305 1839 1335 1900 p.
1364 1831 1438 1898 237.

143 1926 270 1986 monuit
284 1925 362 2007 -ipse
387 1927 577 2012 Droysen.!)
604 1964 641 1974 -
668 1925 790 1990 Contra
822 1927 1006 2008 Droysenio
1037 1926 1134 1989 fuisse
1158 1928 1189 1992 id
1221 1927 1340 2004 bellum
1368 1948 1437 2010 per-

143 2055 274 2097 suasum
299 2044 363 2098 est:
401 2057 600 2116 quamquam
625 2033 777 2099 dubitans
811 2037 843 2098 id
873 2037 1039 2119 scripsisse
1063 2047 1096 2100 et
1119 2039 1270 2101 statuisse
1301 2039 1437 2110 videtur,

120 2165 218 2234 'cum
243 2166 325 2208 unus
347 2147 485 2228 scriptor
508 2148 576 2209 eius
601 2147 799 2209 mentionem
823 2146 927 2210 lacere
943 2148 1162 2228 uideatur,
1187 2157 1236 2210 est
1260 2145 1304 2209 St.
1325 2147 1438 2210 Hiero·

144 2276 261 2337 nymus
289 2257 320 2318 in
351 2256 477 2321 Daniel.
509 2257 562 2318 Xl.
595 2257 638 2328 6..
670 2257 723 2339 qui
755 2257 964 2331 Antiochum,
995 2257 1152 2339 Syro-rum
1183 2277 1303 2338 regern,
1337 2257 1440 2320 »bella

143 2387 242 2447 quam
265 2365 418 2448 plurima«
446 2387 521 2428 cum
544 2367 731 2430 Ptolemaeo
756 2368 964 2451 Philadelpho
988 2369 1127 2450 gessisse
1158 2367 1295 2450 scripsit.
1344 2365 1438 2429 Solus

142 2477 197 2544 hic
227 2477 319 2538 locus
350 2485 458 2549 extat,
492 2497 533 2539 ex
565 2497 630 2560 quo
661 2477 820 2559 Droysen.
858 2479 875 2541 l.
913 2478 931 2541 l.
964 2501 995 2562 p.
1022 2481 1094 2559 318.
1131 2478 1318 2553 secundum,
1350 2478 1439 2559 quod

143 2587 328 2669 appellavit,
365 2586 483 2648 bellum
509 2585 625 2667 Syrum
660 2589 847 2653 enucleavit.
898 2589 932 2652 ld
968 2588 1087 2652 bellum
1118 2608 1229 2650 revera
1253 2587 1359 2659 fuisse,
1394 2586 1439 2648 sic

143 2698 210 2760 sere
222 2697 357 2778 scripsit,
379 2698 594 2780 comprobare
610 2708 744 2780 poetam
759 2701 944 2782 aequalem:
970 2701 1001 2762 in
1018 2700 1158 2761 carmine
1175 2699 1261 2762 enim
1273 2696 1440 2760 Theocriti

144 2807 257 2880 XVII,
281 2807 370 2889 quod
393 2808 475 2869 inter
498 2807 578 2870 illius
601 2808 674 2870 belli
698 2810 863 2882 tumultus,
888 2830 961 2873 cum
984 2810 1120 2892 plurima
1143 2807 1351 2890 Philadelpho
1374 2808 1439 2870 iam

146 2919 338 2991 evenissent,
361 2920 515 3000 scripturn
541 2930 628 2981 esset
651 2920 776 3001 (causas
800 2930 909 2983 autem
927 2941 989 2983 non
1008 2919 1116 2982 attulit
1131 2919 1190 2980 nisi
1216 2939 1270 2980 eas
1294 2939 1374 3000 quas
1399 2937 1441 2980 ex

144 3029 384 3108 provinciarum
409 3030 559 3110 catalogo
591 3029 757 3114 sumpsit!)
793 3040 926 3112 poetam
950 3031 995 3092 sic
1025 3029 1090 3092 fere
1121 3029 1257 3102 narrare,
1291 3037 1368 3120 etc.⁸
1384 3027 1439 3090 Ad

144 3159 229 3218 quae
253 3138 335 3200 haec
358 3128 528 3202 adnotavit
551 3140 592 3222 (n.
617 3142 676 3220 4.):
704 3141 820 3202 ›Diese
844 3139 1117 3221 chronologische
1148 3139 1291 3220 Angabe
1322 3137 1440 3201 beruht

145 3248 267 3326 darauf,
285 3248 360 3311 dass
376 3270 433 3311 nur
450 3251 494 3311 im
509 3250 610 3314 Lause
627 3250 732 3314 dieses
749 3252 886 3332 Krieges
903 3251 1107 3313 Ptolemaeus
1123 3252 1174 3312 die
1199 3248 1441 3312 Landschaften

143 3359 264 3431 besass,
290 3359 411 3422 welche
440 3360 599 3422 Theokrit
627 3360 799 3444 auszaehlt3
831 3361 876 3422 im
906 3361 1045 3423 Frieden
1076 3362 1105 3444 (i.
1135 3382 1160 3423 e.
1192 3379 1277 3422 anno
1310 3361 1383 3438 248.
1409 3379 1437 3420 a.

143 3467 217 3530 Chr.
243 3470 286 3552 n.)
309 3479 373 3532 trat
395 3491 429 3531 er
449 3470 595 3534 mehrere
616 3472 721 3560 'ab‹¹).
769 3471 866 3551 Quod
891 3491 968 3532 num
991 3472 1032 3533 sit
1064 3481 1194 3534 rectum·
1219 3491 1305 3532 nunc
1334 3470 1439 3532 videa·

144 3581 231 3641 mus!
269 3580 306 3642 In
330 3579 534 3643 defendenda
569 3593 678 3644 autem
702 3591 733 3643 et
756 3581 946 3664 explicanda
970 3601 1044 3644 mea
1065 3582 1227 3644 sententia
1249 3600 1321 3644 earn
1353 3580 1439 3640 viam

143 3689 315 3770 ingrediar,
348 3711 445 3773 quam
474 3693 543 3774 ipse
581 3691 818 3772 provinciarum
847 3691 1015 3772 catalogus
1045 3692 1186 3754 ostendit
1216 3700 1249 3754 et
1280 3689 1440 3751 Haulerus

142 3820 278 3882 quoque
301 3800 319 3866 l.
343 3801 360 3864 l.
384 3823 415 3884 p.
446 3819 492 3880 19.
519 3803 683 3884 ingressus
707 3812 765 3867 est.
813 3804 981 3865 Praeterea
1005 3823 1111 3875 exeo,
1135 3801 1225 3883 quod
1252 3819 1440 3862 monumen·

142 3920 214 3972 tum
248 3911 459 3975 Adulitanum
487 3912 532 3996 (C.
557 3913 581 3978 Ι.
607 3909 662 3979 Gr.
688 3913 739 3975 Ill.
772 3932 801 3978 n.
836 3915 943 3996 5127.)
985 3911 1025 3973 de
1054 3911 1241 3974 Ptolemaeo
1276 3909 1440 3990 Euergete

142 4021 226 4084 haec
250 4021 399 4085 exhibet:
426 4019 627 4104 παραλαβὼν
650 4019 740 4106 παρὰ
759 4031 819 4087 τοῦ
836 4021 962 4105 πατρὸς
985 4020 1046 4105 τὴν
1068 4023 1244 4100 βασιλείαν,
1268 4019 1440 4103 Αἰγύπτου

141 4131 199 4194 καὶ
229 4131 351 4216 Λιβύης
379 4133 435 4196 καὶ
456 4133 581 4215 Συρίας
609 4133 663 4196 καὶ
699 4133 853 4214 Φοινίκης
884 4118 941 4194 Ικυιὶ
972 4130 1110 4215 Κύπρου
1144 4131 1198 4194 καὶ
1227 4131 1351 4206 Λυκίας
1385 4131 1440 4195 καί

140 4243 271 4325 Καρίας
303 4243 356 4305 καὶ
388 4249 457 4307 τῶν
486 4241 673 4306 Κυκλάδων
704 4241 815 4324 νήσων
935 4251 969 4302 ct
998 4241 1191 4305 Theocritus
1225 4251 1353 4321 praeter
1384 4261 1438 4302 eas

257 4438 274 4506 ¹)
293 4441 367 4489 Hanc
386 4439 517 4504 Droysenii
535 4440 750 4488 ratiocinationem
769 4437 843 4486 valde
865 4437 986 4488 lubricam
1006 4455 1060 4488 esse
1079 4447 1164 4506 patet:
1193 4455 1251 4488 nam
1271 4454 1300 4494 err
1319 4438 1440 4502 provinci·

140 4549 215 4582 arum
234 4534 349 4598 catalogo
368 4533 471 4582 carmini
489 4532 579 4581 inserto
598 4533 680 4596 ipsum
706 4546 806 4580 carmen
825 4531 874 4579 hoc
895 4531 964 4580 bello
982 4533 1033 4581 inm
1054 4541 1139 4582 exorto
1158 4549 1211 4582 esse
1230 4532 1396 4596 conscriptum
1415 4539 1440 4579 et

137 4625 225 4690 ipsum
243 4623 338 4672 bellum
356 4631 505 4672 reveratum
518 4622 593 4672 luisse
611 4641 640 4674 ex
653 4625 726 4674 huius
744 4623 859 4674 carminis
877 4639 944 4673 anno
960 4625 1038 4674 natali
1050 4625 1180 4676 conclusit:
1205 4625 1310 4674 circulus
1328 4624 1438 4684 vitiosus,

140 4716 180 4766 uti
203 4715 261 4764 mihi
281 4715 381 4779 quidem
400 4716 504 4764 videtur.
