3500 5498
831 459 1041 558 ji„-

291 671 399 736 sabula
423 675 629 756 designantur
653 673 805 748 nebulae,
841 695 924 754 quae
947 693 1058 747 mane,
1085 673 1138 736 ubi
1162 673 1302 755 primurn
1326 693 1442 736 aurora
1467 661 1612 736 effulsit¹

291 786 400 867 (atque
430 805 561 848 aurorae
591 786 722 866 quidem
751 785 917 848 heroinam
953 805 1023 847 esse
1057 784 1289 866 Eriphanidem
1326 803 1465 846 nomen¹
1482 805 1586 866 »quae

291 915 385 957 mane
418 893 535 975 fulget«
574 897 745 958 ostendere
778 896 905 957 videtur
919 894 943 976 1)
987 895 1137 956 recedere
1172 893 1284 958 solent.
1331 893 1414 956 Eam
1451 893 1584 975 quidem

291 1004 434 1067 fabulam
457 1005 613 1067 Euboeae
635 1006 810 1068 nebulosae
833 1014 865 1067 et
888 1004 1015 1066 nubilae
1032 1004 1159 1066 incolae
1171 1004 1436 1066 Hermesianacte
1459 1014 1542 1067 teste
1557 1006 1583 1086 2)

291 1107 471 1176 narrabant.
519 1114 616 1178 Siculi
641 1125 759 1189 autem,
785 1134 858 1177 cum
882 1116 986 1197 patria
1008 1114 1100 1176 coelo
1124 1114 1226 1176 multo
1249 1114 1409 1177 sereniore
1439 1124 1471 1176 et
1495 1116 1584 1178 clari·

290 1245 346 1287 ore
378 1223 556 1299 frueretur,
598 1226 683 1288 illum
717 1235 905 1288 venatorem
938 1223 1039 1286 lerum
1072 1226 1102 1285 in
1134 1224 1250 1286 ovium*
1276 1234 1438 1307 pastorem
1469 1227 1584 1288 mitem

291 1334 614 1401 transformaverunt:
650 1356 726 1398 nam
750 1356 815 1402 vox
843 1327 935 1396 ‘ovis'
958 1333 1059 1418 (κριός
1082 1328 1160 1417 xri.)
1185 1335 1215 1396 in
1239 1335 1442 1417 mythologie
1466 1357 1585 1418 graeca

200 1432 204 1440 ’
290 1465 388 1527 saepe
412 1465 467 1507 eas
492 1446 592 1508 nubes
616 1448 774 1527 designat,
799 1468 878 1529 quas
895 1453 1055 1510 nostrates
1078 1446 1241 1528 appellare
1264 1447 1369 1508 solent
1386 1446 1584 1508 Sehafwiilk·

291 1555 373 1617 chen
387 1554 419 1639 3).
459 1556 570 1637 Atque
591 1577 664 1619 cum
689 1557 758 1619 illae
783 1557 886 1620 nubes
910 1557 1054 1640 inprimis
1077 1556 1297 1618 in.montibus
1320 1557 1391 1617 altis
1416 1557 1587 1618 considere

290 1665 424 1739 soleant,
462 1675 548 1728 recte
572 1667 745 1749 populares
768 1669 947 1732 Menalcam
975 1647 1161 1748 Daphnidis
1191 1674 1371 1729 statuerunt
1399 1667 1523 1728 socium
1552 1677 1588 1728 et

292 1795 441 1837 amicum.

912 1961 963 2032 Ill.

688 2133 772 2238 ue
810 2133 979 2271 rayrno
1019 2131 1186 2244 nvn,
1269 2153 1278 2264 ς

397 2347 559 2410 Theocriti
584 2345 726 2430 idyhirmr
750 2350 862 2422 XVII..
888 2345 1051 2432 ’ἐγκώμιον
1074 2347 1118 2422 εἰς
1141 2349 1351 2430 Πτολεμαῖον,
1379 2355 1455 2429 post
1476 2346 1582 2410 Ptole-

292 2458 377 2519 maei
400 2457 601 2540 Philadelphi
633 2469 665 2521 et
687 2460 846 2521 Arsinoae
878 2459 1005 2542 nuptias
1038 2479 1123 2520 anno
1156 2458 1228 2519 266.
1255 2479 1282 2523 ει.
1305 2458 1379 2524 Chr.
1405 2455 1471 2550 ns)
1495 2467 1588 2520 actas

292 2568 510 2650 compositum
533 2591 583 2631 ess
605 2571 712 2652 ipsum
736 2590 864 2632 carmen
890 2572 1091 2631 demonstrat
1113 2568 1160 2650 (cf.
1184 2587 1246 2633 νος,
1273 2571 1342 2634 128.
1361 2573 1473 2652 seqq).
1521 2567 1586 2630 Lo·

291 2678 401 2761 cupies
424 2688 593 2760 praeterea
615 2690 727 2743 auctor
751 2682 791 2743 de
816 2681 965 2760 carminis
988 2689 1135 2762 tempore
1158 2686 1207 2741 est
1233 2679 1431 2756 Droysenius
1457 2676 1585 2760 (histor.

291 2787 376 2870 epig.
400 2788 421 2849 l.
446 2809 476 2870 p.
504 2791 576 2869 318.
603 2793 696 2873 seq),
722 2812 819 2875 quem
845 2791 975 2870 quidem
999 2790 1094 2872 plane
1124 2800 1253 2850 secutus
1286 2797 1334 2850 est
1358 2787 1528 2850 Haulerus
1554 2788 1583 2869 (l.

289 2897 307 2965 l.
332 2918 362 2980 p.
394 2913 439 2976 17.
461 2903 573 2983 seqq),

290 3024 555 3036 ---..-...

399 3092 417 3164 ¹)
439 3097 470 3146 Ο.
490 3098 613 3150 Ribbeck.
627 3100 642 3148 l.
663 3099 681 3150 l.
703 3099 850 3149 »Vielleicht
867 3099 897 3147 ist
916 3099 962 3148 das
980 3098 1059 3146 durch
1077 3097 1126 3146 den
1145 3097 1363 3146 Waldesschatten
1387 3112 1436 3145 von
1456 3097 1536 3146 Baum
1556 3113 1586 3146 zu

291 3188 371 3238 Baum
391 3189 514 3253 iliegende
534 3190 698 3241 Sonnenlicht
716 3192 853 3256 gemeint«.
1238 3171 1240 3178 Ι

397 3279 416 3348 ²)
437 3283 513 3346 Apud
532 3283 609 3334 schol.
629 3284 735 3333 Theocr.
756 3283 825 3335 Vlll.
842 3294 889 3347 55:
915 3283 969 3334 Kal
991 3280 1174 3351 Ἰεἶρμησίαναξ
1195 3283 1272 3350 λέγει
1289 3278 1336 3332 τὸν
1351 3277 1463 3348 Δάφνιν
1484 3279 1586 3347 ἐρωτι-

291 3379 347 3432 κοῖς
366 3376 446 3444 ἔχειν
467 3381 515 3425 τοῦ
535 3371 680 3426 Μενιὲλκα·
717 3375 822 3442 (Erravit
842 3377 920 3426 schol.
940 3377 969 3426 cl.
991 3377 1019 3425 E.
1040 3377 1139 3428 Rohde:
1163 3377 1213 3424 Der
1231 3376 1324 3440 griech.
1344 3376 1443 3424 Roman
1469 3389 1492 3422 u.
1512 3375 1583 3422 scine

290 3469 428 3519 Vorltiuler.
447 3469 531 3533 Leipz.
555 3467 629 3529 1876.
648 3486 673 3534 p.
694 3469 734 3531 78.
755 3487 779 3519 n.
802 3469 834 3536 1.)
854 3465 941 3520 rill'ri
952 3469 1006 3538 μὲν
1026 3465 1069 3520 ἐπ’
1084 3465 1206 3534 Εὖβοίας
1225 3469 1283 3518 url.
1306 3482 1381 3516 causa
1400 3481 1475 3529 quam
1494 3465 1588 3529 profert

290 3563 368 3611 schol.
387 3560 451 3610 nihil
469 3562 541 3610 valet.
560 3561 593 3610 N.
608 3562 682 3611 Bach.
703 3562 741 3610 ed.
761 3563 875 3614 Philetae
893 3564 963 3613 alior.
983 3560 1108 3626 reliquiae.
1127 3580 1151 3628 p.
1167 3575 1210 3625 91.
1225 3577 1293 3624 seqq.
1314 3575 1334 3607 c.
1354 3566 1417 3610 nott.
1436 3584 1472 3594 -
1492 3558 1587 3606 Athen.

290 3654 358 3703 XlV.
379 3655 438 3716 619.
458 3653 485 3704 C.
506 3651 656 3722 Ἠριρανὶς
676 3652 689 3717 ἡ
716 3652 867 3725 μελοποιός
891 3653 1042 3710 Μενάλκου
1063 3659 1280 3723 κυνηγετοῦντος
1299 3652 1450 3720 ἐρασθεῖσα
1473 3645 1587 3718 ἐθήρευε

290 3751 466 3804 μεταθέουσα
484 3751 545 3804 ταῖς
558 3747 726 3817 ἐπιθυμίαις
743 3791 891 3806 ,,,,,,,,,
910 3745 979 3800 ὅθεν
993 3749 1105 3813 ἐποίησε
1123 3767 1150 3800 τε
1171 3749 1218 3799 καὶ
1233 3742 1369 3810 ποιήσασα
1384 3744 1493 3814 περιῄει
1514 3739 1587 3794 narsi

291 3835 339 3904 τήν
358 3839 485 3910 ἐρημίαν,
508 3838 546 3897 οἷς
566 3857 662 3908 ριιοιν,
693 3838 843 3906 α’νιιβοιῦοα
864 3846 910 3895 καὶ
932 3844 1038 3911 ᾄδουσα
1057 3839 1087 3895 rri
1111 3838 1284 3912 καλούμενον
1304 3836 1415 3910 νόμιον,
1437 3838 1466 3889 ἓν
1486 3827 1508 3908 qi
1527 3836 1587 3890 ἔστι

294 3935 426 4001 »Μακραὶ
448 3935 535 4004 δρύες,
557 3927 578 3984 oi
601 3931 771 3986 Μενάλκιιιι
790 3937 932 3986 Versiculus
951 3937 1100 3987 intercalaris
1118 3937 1214 3986 videtur
1232 3951 1288 3984 esse
1306 3935 1333 3984 F.
1355 3935 1385 3984 G.
1404 3931 1588 3982 Schneidewin.

296 4027 414 4077 Delectus
434 4035 482 4076 etc.
502 4028 571 4078 Gott.
596 4026 671 4091 1838·
691 4047 716 4094 p.
737 4029 796 4090 464.
819 4043 858 4092 29.

398 4117 418 4186 3)
438 4121 580 4170 Menalcam
595 4121 742 4170 Theocritus
761 4139 859 4188 semper
871 4124 994 4189 pecudum
1012 4125 1158 4188 magistrum
1176 4121 1286 4170 inducit:
1305 4119 1337 4167 cl.
1354 4117 1423 4166 Vlll.
1438 4132 1461 4180 9.
1483 4112 1591 4184 ποιμὴν

292 4208 450 4280 εἰροπόκων
478 4210 549 4263 ὀΐων
577 4211 715 4282 σοριγκιιὶ
744 4211 904 4273 Μενιέικας.
923 4216 993 4267 Vlll.
1021 4227 1058 4280 15.
1078 4231 1147 4279 seqq.
1167 4214 1214 4264 lX.
1235 4223 1273 4274 17.
1294 4212 1326 4260 al.
1364 4212 1405 4259 De
1423 4226 1483 4260 voce
1509 4205 1592 4277 κριός

292 4315 316 4356 et
343 4308 397 4356 sim.
431 4306 462 4355 cf.
496 4307 698 4358 Forchhammer.
735 4310 836 4359 Hellen.
872 4327 890 4359 s.
919 4327 958 4360 vv.
995 4310 1078 4358 Etiam
1107 4307 1214 4356 Goethei
1246 4304 1355 4353 carmina
1390 4303 1519 4353 notissima
1534 4303 1593 4354 'illa

292 4395 395 4448 'Cirrns'
411 4407 457 4448 etc.
478 4399 527 4449 huc
548 4376 648 4450 faciunt.

398 4489 419 4562 ⁴)
439 4492 505 4542 Eum
524 4508 577 4541 esse
598 4495 740 4558 nuptiarum
759 4511 868 4556 annum,
888 4511 937 4543 non
958 4493 1018 4554 276.
1037 4510 1060 4543 a.
1080 4493 1137 4542 Chr.
1160 4509 1198 4550 n.,
1226 4505 1301 4553 quem
1320 4496 1437 4539 statuerat
1455 4487 1588 4550 Franzius‚

294 4583 471 4636 demonstravit
501 4586 620 4652 Droysen.
650 4588 705 4636 hist.
730 4588 830 4652 epigon.
850 4587 884 4635 Il.
904 4587 943 4635 ed.
964 4595 1024 4636 tom.
1044 4586 1063 4636 l.
1083 4603 1108 4650 p.
1129 4585 1187 4634 266.
1208 4601 1232 4635 n.
1255 4583 1313 4634 268.
1335 4599 1360 4632 n.
1380 4582 1409 4632 al.
1432 4583 1463 4632 cs.
1484 4579 1594 4636 Hauler.

293 4677 310 4732 l.
330 4679 346 4726 l.
366 4695 391 4745 p.
412 4691 452 4727 20.
1202 4673 1204 4680 '
