3500 5498
770 527 810 590 37

142 730 256 783 auctor
278 721 374 784 huius
388 723 538 784 carminis
561 723 751 784 statuendus
776 733 841 790 est:
871 725 1013 786 imitatur
1036 732 1156 799 autem,
1180 724 1205 786 si
1229 732 1331 787 totam
1356 745 1441 787 com·

141 831 341 912 positionem
365 833 506 914 respicis,
531 832 693 898 Theocrit.
720 832 762 897 id.
787 833 822 907 Ι.,
847 842 880 895 et
903 834 995 898 Bion.
1019 833 1060 894 id.
1087 833 1121 905 1.,
1147 833 1241 895 itaut
1265 854 1307 896 ex
1329 834 1440 896 utrius·

140 961 206 1022 que
230 952 349 1022 poetae
371 942 568 1004 carminibus
590 943 679 1003 locos
710 951 807 1024 aptos
838 944 1007 1022 conquirat
1030 952 1063 1005 et
1091 961 1195 1022 nugas
1217 944 1329 1005 doctas
1353 943 1443 1023 large

141 1051 332 1113 immisceat.
382 1053 494 1132 ltaque
516 1050 797 1132 scytobrachionis
812 1052 977 1114 cuiusdam
1001 1061 1173 1114 centonem
1196 1052 1366 1132 habemus¹
1388 1054 1443 1134 qui

141 1181 221 1223 vero
245 1171 372 1228 tumore
396 1160 551 1243 singulari
576 1161 678 1224 floret.
709 1163 839 1224 -Iam
864 1163 991 1242 singula
1014 1161 1230 1244 inspiciamus,

251 1271 457 1333 Prooemium
481 1292 542 1333 vss
576 1287 666 1352 1-7.
693 1272 836 1334 imitatur
859 1273 949 1338 Bion.
974 1293 1035 1334 vss.
1065 1287 1115 1350 32.
1139 1293 1220 1354 seqq
1243 1273 1303 1336 68:
1334 1272 1442 1344 saltus,

141 1381 239 1454 lacus,
265 1381 406 1453 flumina,
431 1381 570 1463 plantae,
605 1382 703 1455 lucus,
728 1382 825 1445 flores
849 1383 958 1444 Bionis
981 1391 1120 1444 mortem
1145 1378 1324 1457 maereant3
1351 1403 1445 1444 rosae

142 1501 176 1553 et
207 1511 390 1554 anemonae
419 1492 600 1564 rubescant,
626 1491 822 1571 hyacinthus
856 1513 972 1555 vocem
995 1491 1172 1572 lugubrem
1200 1492 1306 1558 tollat:
1345 1493 1441 1554 docte

144 1600 263 1663 florum
287 1602 448 1682 origine-m
472 1601 642 1682 significat.
668 1600 716 1667 Cl.
734 1603 825 1664 Bion.
843 1603 865 1663 1.
891 1601 943 1664 66.
968 1610 1001 1664 et
1016 1601 1069 1665 Xl.
1089 1601 1204 1681 fragm.
1238 1602 1279 1664 de
1306 1602 1444 1682 Hyacin-

141 1710 189 1772 thi
215 1722 327 1773 morte.
375 1712 488 1794 Inepte
510 1721 620 1774 autem
644 1713 767 1774 dictum
791 1722 843 1774 est
862 1719 923 1774 νῦν
945 1709 1024 1790 ῥόδα
1047 1712 1263 1791 pontonium,
1289 1731 1373 1773 nunc
1396 1732 1445 1774 ro·

140 1841 198 1883 sae
228 1821 407 1884 rubescatis
423 1825 455 1904 ¹),
489 1823 643 1903 quoniam
672 1842 765 1884 rosae
788 1831 903 1884 natura
926 1823 1084 1902 puniceae
1106 1831 1181 1884 sunt
1205 1839 1309 1902 neque
1332 1823 1444 1884 veteri·

141 1932 289 1993 bustum
305 1932 397 1996 albae
414 1953 507 1994 rosae
524 1942 620 1994 notae
637 1942 737 1994 erant.
758 1969 792 1980 -
814 1953 877 1996 vss.
896 1935 1012 1996 8-'12.
1061 1932 1230 1994 Lusciniae
1261 1931 1444 1994 Arethusae

140 2041 225 2103 fonti
266 2042 400 2103 Bionem
440 2043 618 2105 bubulcum
650 2051 816 2104 mortuum
853 2063 924 2105 esse
958 2044 1120 2109 nuntient:
1153 2043 1295 2104 imitatur
1330 2052 1444 2110 auctor

139 2150 280 2213 Theocr.
306 2153 329 2215 1.
358 2168 426 2227 114.
458 2172 547 2233 seqq.
582 2189 622 2199 —
662 2172 716 2214 vss
755 2157 901 2230 13-18:
936 2152 1052 2232 Cygnii
1084 2151 1260 2233 Strymonii
1297 2172 1445 2215 maerore

140 2261 266 2342 impleti
299 2261 411 2342 puellis
435 2261 582 2343 Oeagriis
606 2271 638 2325 et
669 2262 821 2344 nymphis
851 2264 1002 2325 Bistoniis
1033 2262 1202 2345 Orpheum
1236 2263 1443 2324 Doriensium

139 2370 209 2432 vita
233 2371 408 2433 decessisse
433 2382 578 2437 narrent:
602 2372 660 2434 sed
685 2373 772 2435 unde
800 2374 962 2435 sciverunt
990 2371 1105 2454 cygni?
1134 2372 1287 2436 Ceterum
1310 2371 1441 2446 auctori,

142 2501 222 2542 cum
246 2481 395 2543 luscinias
426 2491 458 2543 et
487 2502 613 2563 cygnos
643 2483 794 2564 appellet,
827 2482 991 2550 Theocrit.
1023 2484 1063 2545 id.
1099 2483 1140 2549 V.
1174 2503 1238 2548 vss.
1274 2483 1342 2560 136.
1375 2503 1442 2563 seq.

138 2591 305 2653 obversati
328 2593 479 2654 videntur
495 2613 575 2657 esse.
595 2629 635 2638 -
654 2613 716 2654 vss.
740 2610 788 2672 19.
802 2609 895 2672 «241
927 2595 1007 2656 Bion
1032 2613 1170 2676 gregum
1200 2593 1356 2673 magister
1379 2612 1443 2654 non

139 2701 280 2781 amplius
293 2702 353 2764 sub
367 2703 548 2781 quercubus
565 2701 741 2764 cantilenas
763 2704 839 2776 edit,
864 2704 922 2766 sed
945 2704 1032 2784 apud
1056 2704 1227 2766 Plutonem
1255 2702 1443 2765 »oblivionis

138 2831 290 2874 carmen«
323 2814 428 2876 canit:
463 2822 590 2876 montes
614 2822 688 2875 sunt
719 2815 797 2875 muti
832 2815 1001 2896 bovesque
1034 2823 1168 2898 propter
1198 2813 1320 2876 luctum
1352 2814 1441 2893 pasci

137 2920 272 2986 nolunt:
299 2923 441 2985 imitatur
463 2933 576 2986 auctor
598 2923 719 2987 Callim.
753 2925 853 3006 epigr.
882 2939 932 2986 22.
963 2919 1357 3008 (Meinek.):1’loruxlrlqv
1378 2922 1439 2988 τὸν

139 3033 259 3115 Κρῆτα
273 3030 334 3094 τὸν
350 3031 488 3097 αἰπόλον
503 3027 628 3119 ἥρπασε
648 3033 760 3119 νύμφη
773 3039 783 3122 ll
798 3033 832 3118 ἐξ
848 3031 949 3117 ὄρεος,
961 3037 1020 3099 καὶ
1036 3045 1097 3099 νῦν
1112 3033 1199 3118 ἱερὸς
1212 3031 1404 3118 Ᾰοτακίδης.
1430 3032 1438 3122 l

141 3137 206 3205 οὐκ
229 3137 277 3204 ἔτι
301 3141 487 3224 Δικταίῃοιν
510 3139 590 3208 ὑπὸ
612 3144 759 3228 δρυσὶν
781 3141 842 3212 οὐκ
865 3142 913 3209 ἔτι
936 3143 1065 3224 Δάφνιν
1087 3145 1095 3227 ll
1118 3144 1276 3228 ποιμένες,
1303 3140 1438 3208 Ἀοτακί-
1466 3138 1468 3144 ’

139 3251 202 3333 ὁην
225 3247 323 3314 ὀάἰὲν
357 3249 541 3335 ἀεισόμεθα.
574 3255 644 3318 coll.
670 3255 807 3321 Theocr.
832 3255 900 3318 Vll.
920 3258 969 3319 88.
1017 3255 1115 3318 Plane
1131 3265 1238 3318 autern
1265 3254 1439 3316 insolenter

137 3361 265 3423 dictum
297 3371 346 3424 est
368 3361 462 3444 μέλος
487 3368 635 3448 ληθαῑον,
659 3386 788 3428 carmen
812 3366 900 3447 quod
925 3366 1122 3429 oblivionem
1145 3365 1253 3438 affert,
1278 3364 1372 3444 quale
1396 3384 1439 3426 ex

141 3480 291 3533 veterum
331 3472 372 3534 de
407 3472 515 3535 inieris
548 3477 831 3557 superstitionibus
865 3476 1017 3559 explicari
1054 3477 1173 3557 nequit.
1231 3475 1439 3555 Expressisse

145 3582 278 3644 videtur
316 3581 478 3652 Theocrit.
514 3585 536 3648 l.
575 3586 617 3648 62
661 3595 694 3648 et
727 3587 818 3652 Bion,
853 3589 875 3648 Ι.
915 3601 954 3666 50
985 3606 1076 3667 seqq.
1106 3623 1148 3633 --
1178 3607 1240 3647 vss.
1278 3599 1317 3664 25
1336 3599 1437 3664 -35.

138 3692 194 3754 Dii
219 3693 399 3772 pastorales
418 3705 456 3757 et
479 3696 597 3758 rurales
614 3696 726 3776 lugent
743 3717 873 3780 omnes;
890 3698 1023 3758 arbores
1041 3703 1174 3776 propter
1189 3702 1278 3755 tuam
1301 3703 1439 3754 mortem

138 3801 264 3864 fructus
295 3803 490 3878 deiecerunt,
524 3805 619 3869 flores
657 3815 855 3870 evanuerunt
895 3804 948 3889 (ci.
989 3805 1082 3870 Bion.
1122 3803 1144 3865 l.
1178 3803 1253 3883 76),
1285 3822 1363 3864 oves
1393 3803 1441 3864 lac

138 3931 207 3973 non
231 3913 341 3986 edunt,
367 3912 430 3976 mel
454 3916 498 3978 ob
522 3915 644 3979 luctum
666 3917 801 3978 nimium
823 3917 931 3996 periit:
958 3916 1067 3978 nescio
1090 3932 1166 3975 num
1183 3911 1261 3994 quid
1283 3912 1437 3973 tumidius

137 4023 321 4084 inveniatur
343 4022 375 4083 in
398 4023 495 4087 literis
518 4028 651 4107 graecis.
699 4027 878 4090 Liberrime
900 4036 1010 4088 autem
1025 4023 1184 4106 expressit
1200 4031 1315 4085 auctor
1330 4021 1436 4084 varios

139 4175 408 4186 ——-----—.—....

137 4245 227 4317 ntirrip
249 4246 307 4318 ἐγώ
327 4269 371 4300 τοι
391 4251 447 4302 ml.
467 4269 493 4302 se
512 4270 542 4304 ex
561 4257 729 4304 Ausonia
756 4263 839 4304 ortum
860 4254 995 4304 Theocrito
1014 4251 1214 4316 Syracusis
1242 4257 1302 4298 nato
1321 4256 1435 4313 opponat

137 4345 175 4393 Cf
201 4352 327 4409 praeterea
346 4359 411 4408 quae
429 4346 496 4395 idem
524 4350 561 4414 lut
578 4347 686 4414 videtur)
715 4347 870 4411 Hartungius
898 4345 1033 4410 disputavit
1052 4344 1077 4393 in
1097 4342 1186 4394 Philol.
1207 4343 1275 4392 Gon.
1299 4337 1365 4402 1879
1384 4340 1435 4388 vol.

136 4435 182 4500 38.
203 4445 262 4484 tom.
284 4449 307 4486 2.
327 4453 353 4501 p.
374 4447 432 4500 357.
471 4438 556 4489 Sicilia
574 4441 676 4489 nomine
698 4439 839 4488 »Ausonia«
861 4439 910 4488 hoc
928 4438 985 4487 loco
1003 4445 1069 4487 certe
1088 4453 1138 4486 non
1162 4435 1290 4501 appellata
1309 4441 1354 4482 est.

250 4526 269 4594 ¹)
290 4512 441 4595 φοινικοῦν
460 4539 497 4580 est
515 4532 650 4595 puniceum
669 4530 801 4598 (ponceau
821 4529 973 4595 coquelicot,
993 4545 1068 4578 nacar
1076 4529 1131 4594 at),
1150 4545 1201 4577 non
1219 4541 1381 4593 purpureum
1408 4541 1446 4574 ro-

136 4636 223 4672 sarum
242 4621 318 4685 igitur
337 4622 510 4686 vulgaris
528 4624 606 4672 color.
644 4623 683 4676 Cf.
705 4623 821 4673 Goethei.
852 4621 1005 4672 Materialien
1024 4638 1066 4671 zur
1085 4621 1177 4670 Gesch.
1197 4619 1240 4668 der
1258 4618 1436 4668 Farbenlehre.

138 4731 202 4782 opp.
222 4712 263 4762 ed.
286 4712 313 4762 C.
333 4713 485 4764 Prochaska.
506 4714 592 4780 Leipz.
613 4716 694 4764 Wien.
714 4717 830 4766 Teschen
853 4715 927 4778 1873.
947 4716 996 4764 vol.
1017 4714 1059 4762 Vl.
1081 4731 1106 4779 p.
1127 4713 1186 4776 364.
