3500 5498
780 457 821 533 89

153 663 282 740 desunt,
308 668 382 748 quia
414 666 527 729 deesse
560 668 690 742 debent,
715 669 867 748 quoniam
899 666 983 752 ἱερὸς
1008 667 1058 731 ille
1081 667 1181 750 γάμος
1204 667 1348 730 nondum
1369 667 1449 730 cele·

152 777 268 840 bratus
292 787 368 841 erat.
413 778 501 839 Num
525 799 637 841 revera
660 780 740 842 haec
762 789 813 841 est
836 800 935 842 causa
957 787 1070 842 contra
1093 777 1331 860 Droysenium?

262 888 311 948 Ne
340 909 378 950 ea
408 888 538 968 quidem
565 890 738 971 quicquam
769 897 882 952 contra
905 890 1123 978 Droysenium
1154 888 1269 962 valent,
1302 907 1386 968 quae
1410 888 1450 950 de

151 997 267 1078 hymni
291 1017 352 1060 vss.
383 1002 431 1076 58.
457 1019 524 1080 seq.
551 1000 735 1080 disputavit,
770 1021 852 1081 quos
880 1001 1011 1081 quidem
1035 1001 1193 1080 Droysen.
1223 1018 1353 1080 quoque
1375 998 1405 1080 (l.
1432 998 1448 1063 l.

151 1129 183 1190 p.
212 1109 286 1186 264.
311 1129 341 1174 n.
367 1109 410 1191 2.)
433 1109 516 1172 sicut
540 1110 691 1183 Richter,
717 1127 914 1192 quamquam
938 1110 1098 1182 dubitans,
1122 1110 1164 1172 ad
1191 1108 1308 1171 iratum
1332 1109 1450 1170 discor-

152 1219 225 1281 dias
249 1219 409 1298 pertinere
432 1229 551 1285 censet.
599 1220 672 1282 Hoc
689 1230 798 1284 tamen
819 1221 992 1282 discrimen
1015 1230 1120 1286 extat:
1137 1219 1278 1284 Richter.
1303 1238 1359 1280 eos
1374 1227 1451 1281 ante

151 1330 288 1392 fratrum
313 1329 569 1392 coniurationem
592 1332 731 1414 scriptos
755 1353 825 1393 esse
847 1332 959 1394 statuit
982 1332 1013 1414 (i.
1037 1351 1064 1393 e.
1092 1350 1119 1392 a.
1146 1332 1219 1408 285.
1237 1350 1265 1390 a.
1291 1327 1367 1394 Chr.
1392 1329 1448 1412 n),

152 1441 244 1522 quod
276 1438 390 1502 salsum
423 1459 493 1502 esse
526 1461 624 1524 supra
655 1443 877 1503 demonstrare
907 1441 1024 1506 studui.
1070 1441 1198 1504 Revera
1222 1449 1331 1502 autem
1355 1439 1449 1501 scribi

152 1560 306 1633 poterant
328 1552 347 1612 ii
372 1571 483 1613 versus
507 1551 605 1632 longe
628 1561 703 1634 post
726 1571 845 1613 annum
870 1554 942 1630 285.
970 1573 999 1619 a.
1017 1551 1091 1613 Chr.
1117 1571 1158 1628 n.,
1185 1570 1284 1631 quem
1306 1548 1450 1612 definivit

151 1661 307 1735 Richter,
332 1662 431 1724 hasce
455 1663 498 1724 ob
516 1681 638 1724 causas.
686 1660 859 1736 Ceraunus,
886 1663 974 1724 'cuius
991 1671 1099 1744 partes
1115 1660 1217 1723 secuti
1233 1669 1308 1722 sunt
1323 1658 1446 1732 fratres

150 1773 237 1835 circa
267 1778 388 1834 annum
419 1776 489 1836 280.
513 1793 540 1834 a.
566 1771 639 1838 Chr.
665 1792 705 1846 n.,
731 1792 805 1834 cum
829 1781 905 1834 tunc
938 1773 1007 1854 ipse
1031 1791 1162 1863 quoque
1193 1771 1302 1852 magni
1325 1769 1449 1848 imperii

151 1903 211 1944 rex
235 1892 330 1956 esset,
355 1881 598 1964 Philadelphum
629 1883 759 1945 fratrem
790 1883 932 1944 amicum
962 1883 1024 1944 iam
1056 1882 1180 1944 habuit·
1200 1901 1234 1942 se
1257 1880 1448 1961 Aegyptum

150 2013 219 2055 non
263 1993 477 2073 aspiraturum
527 2013 597 2055 esse
646 1994 858 2074 promittens:
910 1993 998 2054 brevi
1033 2001 1108 2073 post
1153 1990 1338 2054 interiectus
1387 1999 1446 2054 est.

150 2103 266 2182 Itaque
291 2100 507 2164 Callimachus
530 2124 659 2166 summo
683 2105 750 2166 iure
774 2102 872 2184 longe
896 2102 1027 2184 quidem
1051 2111 1126 2185 post
1148 2101 1285 2164 Cerauni
1310 2108 1448 2162 mortem

149 2214 295 2276 scribere
325 2215 434 2292 potuit
465 2216 586 2298 γτωτοὶ
616 2213 883 2298 προτερηγενέες.
900 2263 905 2276 .
921 2266 949 2280 ..
982 2210 1042 2277 οὐκ
1064 2210 1221 2296 ἐμέγηραν
1243 2213 1328 2286 κτλ.,
1352 2209 1447 2273 scilic.
1518 2227 1525 2240 ·

155 2323 342 2386 »Ceraunus
367 2324 464 2386 irater
488 2326 545 2388 tibi
572 2325 760 2407 Aegyptum
785 2344 849 2386 non
871 2325 1014 2396 invidit«,
1040 2323 1196 2405 quoniam
1219 2322 1274 2406 (ita
1289 2319 1447 2402 explican-

150 2437 233 2496 dum
257 2434 382 2496 videtur
409 2435 500 2516 mihi)
526 2476 564 2484 -
587 2436 670 2498 sicut
692 2435 864 2518 Neptunus
887 2445 920 2498 et
942 2435 1034 2496 Pluto
1059 2433 1287 2515 --proprium
1311 2431 1449 2512 adeptus

150 2555 204 2608 est
239 2547 420 2626 imperium.
467 2547 516 2610 Ita
539 2543 762 2618 Callimachus,
798 2545 824 2606 si
859 2565 970 2607 revera
1004 2565 1067 2606 vss.
1096 2546 1144 2622 58.
1173 2558 1222 2622 59.
1258 2543 1300 2604 ad
1335 2541 1448 2603 fratres

148 2655 310 2718 referendi
334 2666 418 2730 sunt,
443 2677 571 2718 summo
597 2657 664 2718 iure
695 2656 834 2717 scribere
858 2663 1004 2736 poterat:
1036 2655 1118 2716 inest
1144 2663 1214 2716 tum
1244 2655 1275 2715 in
1307 2653 1344 2716 iis
1373 2649 1448 2713 adu-

149 2767 230 2830 latio
259 2766 309 2828 vel
340 2766 491 2828 maxima.
545 2766 711 2830 Ceraunus
741 2767 845 2838 enim,
878 2765 981 2847 inquit
1012 2764 1236 2836 Callimachus
1269 2763 1447 2826 concedere

150 2876 287 2939 tandem
312 2877 432 2950 statuit,
457 2896 532 2938 cum
555 2886 587 2939 te
612 2886 644 2938 et
674 2875 921 2968 prudentissime
954 2886 986 2938 et
1014 2875 1196 2938 felicissime
1220 2894 1270 2936 res
1293 2883 1444 2954 agentem

150 2987 287 3060 videret,
310 2987 403 3048 sicuti
423 2987 534 3048 lovem
559 2986 687 3048 iratresl

261 3096 354 3157 Brevi
377 3106 487 3159 autem
510 3107 584 3159 ante
608 3097 792 3178 nuptiarum
816 3117 947 3170 annum,
973 3117 1057 3179 quae
1086 3117 1114 3158 a.
1143 3095 1214 3157 266.
1240 3114 1269 3159 a.
1301 3092 1374 3156 Chr.
1408 3115 1446 3169 rt,

153 3217 191 3270 ut
215 3227 313 3289 supra
336 3207 456 3288 scripsi,
480 3207 661 3270 celebratae
685 3217 768 3281 sunt,
793 3207 1008 3270 Callimachus
1030 3210 1116 3271 hunc
1132 3206 1291 3286 hymnum
1314 3225 1447 3287 compo-

152 3318 257 3379 suisse
280 3317 407 3379 videtur
431 3317 516 3383 mihi.
565 3318 648 3382 Dico
672 3319 761 3381 brevi
785 3329 860 3380 ante
882 3339 956 3381 eum
981 3336 1116 3381 annum:
1149 3335 1223 3377 nam
1246 3313 1448 3396 Philadelphi

153 3426 259 3508 gloria
283 3427 502 3508 compluribus
526 3428 616 3490 bellis
639 3428 772 3492 feliciter
796 3430 894 3509 gestis
918 3451 957 3491 eo
982 3439 1130 3508 tempore
1154 3427 1238 3490 adeo
1261 3434 1355 3486 aucta
1384 3425 1447 3488 iam

154 3521 234 3608 erat,
260 3546 294 3597 ut
317 3536 530 3600 Callimachus
553 3548 621 3602 tum
645 3559 773 3600 summo
794 3541 861 3601 iure
885 3540 1040 3601 scriberet
1068 3558 1114 3602 vs.
1139 3536 1198 3599 86:
1230 3533 1370 3618 περιπρὸ
1385 3531 1448 3618 γὰρ

154 3644 235 3728 εὐρὺ
259 3645 393 3730 βέβηκεν
413 3652 497 3721 κτλ,
520 3670 566 3714 vs.
590 3665 649 3728 90:
663 3646 762 3724 αὐτὸς
783 3641 864 3732 ἄνην
885 3647 1068 3724 ἒκόλουσας,
1091 3644 1285 3720 greziacum
1300 3644 1332 3709 δὲ
1347 3667 1450 3727 μενοι-

154 3757 236 3840 νήν,
274 3777 357 3838 quae
400 3759 531 3839 quidem
561 3757 759 3840 Philadelphi
794 3759 998 3838 prudentiam
1025 3757 1258 3820 et'consilium
1291 3756 1322 3816 in
1353 3756 1449 3818 rebus

155 3866 296 3948 publicis
318 3869 471 3947 gerendis
495 3877 527 3930 et
549 3867 686 3947 gloriam
711 3867 879 3930 militarem
904 3878 936 3931 et
959 3869 1107 3930 bellicam
1130 3867 1302 3929 celebrant.
1351 3865 1450 3928 Anno

156 3986 269 4038 autem
294 3979 367 4055 285.
393 3998 420 4039 a.
447 3976 520 4041 Chr.
546 3996 586 4049 n.,
612 3998 710 4057 quem
734 3977 874 4041 Richter.
901 3977 994 4040 huius
1016 3977 1126 4057 hymni
1158 3977 1269 4039 statuit
1299 3975 1448 4049 natalem,

158 4087 334 4167 Aegyptus
357 4107 418 4148 nec
441 4087 615 4148 constituta
638 4107 697 4149 nec
722 4088 930 4151 corroborata
952 4098 1020 4150 erat
1044 4107 1102 4149 nec
1124 4086 1360 4168 Philadelphus,
1393 4087 1449 4170 qui

159 4207 230 4258 tum
254 4216 371 4257 annum
395 4197 582 4259 vicesimum
604 4205 756 4278 quartum
778 4197 853 4276 egit,
879 4196 982 4276 gloria
1004 4196 1119 4259 bellica
1143 4196 1323 4262 fruebatur:
1349 4197 1450 4258 immo

159 4306 372 4388 Ptolemaeus
396 4307 417 4369 I.
448 4307 521 4368 ideo
561 4305 803 4388 Philadelphum
837 4307 1003 4370 constituit
1035 4326 1266 4380 successorem,
1298 4315 1342 4380 ut,
1376 4326 1451 4368 cum

159 4425 238 4495 apta
261 4415 367 4477 indole
392 4416 558 4496 praeditus
593 4417 764 4488 videretur,
796 4417 929 4478 consilio
953 4417 1099 4498 inprimis
1130 4436 1232 4498 regno
1256 4416 1451 4498 provideret.

158 4527 262 4588 Recte
286 4525 370 4587 enim
394 4546 425 4586 v.
450 4527 479 4588 d.
504 4526 662 4607 Droysen.
695 4525 713 4588 l.
739 4524 758 4590 l.
781 4546 812 4606 p.
846 4526 917 4587 262.
952 4527 1095 4610 scripsit:
1132 4525 1256 4589 ›Wenn
1286 4526 1451 4606 irgendwo

156 4657 196 4696 so
220 4632 310 4697 hatte
333 4634 525 4697 Ptolemaios
550 4634 645 4698 Soter
667 4636 697 4697 in
723 4636 779 4698 der
802 4635 897 4697 Wahl
929 4639 1033 4698 seines
1060 4635 1272 4716 Nachfolgers
1295 4636 1346 4696 die
1370 4635 1450 4696 Vor-
