<?xml version="1.0" encoding="UTF-8"?>
<!DOCTYPE html PUBLIC "-//W3C//DTD XHTML 1.0 Transitional//EN"
    "http://www.w3.org/TR/xhtml1/DTD/xhtml1-transitional.dtd">
<html xmlns="http://www.w3.org/1999/xhtml" xml:lang="en" lang="en">
 <head>
  <title>
</title>
<meta http-equiv="Content-Type" content="text/html;charset=utf-8" />
  <meta name='ocr-system' content='tesseract 3.04.00' />
  <meta name='ocr-capabilities' content='ocr_page ocr_carea ocr_par ocr_line ocrx_word'/>
</head>
<body>
  <div class='ocr_page' id='page_1' title='image "./quaestionestheo00hempgoog_0039.png"; bbox 0 0 3500 5498; ppageno 0'>
   <div class='ocr_carea' id='block_1_1' title="bbox 973 499 1016 578">
    <p class='ocr_par' dir='ltr' id='par_1_1' title="bbox 973 499 1016 578">
     <span class='ocr_line' id='line_1_1' title="bbox 973 499 1016 578; baseline 0 -16"><span class='ocrx_word' id='word_1_1' title='bbox 973 499 1016 578; x_wconf 88' lang='lat'>36</span> 
     </span>
    </p>
   </div>
   <div class='ocr_carea' id='block_1_2' title="bbox 349 706 1728 3658">
    <p class='ocr_par' dir='ltr' id='par_1_2' title="bbox 349 706 1650 1339">
     <span class='ocr_line' id='line_1_2' title="bbox 350 706 1650 800; baseline 0.002 -28"><span class='ocrx_word' id='word_1_2' title='bbox 350 708 502 772; x_wconf 83' lang='lat' dir='ltr'>nonnulla</span> <span class='ocrx_word' id='word_1_3' title='bbox 518 709 660 771; x_wconf 90' lang='lat' dir='ltr'>carmina</span> <span class='ocrx_word' id='word_1_4' title='bbox 676 706 869 770; x_wconf 87' lang='lat' dir='ltr'>Theocritea</span> <span class='ocrx_word' id='word_1_5' title='bbox 885 709 1023 774; x_wconf 91' lang='lat' dir='ltr'>Moscho</span> <span class='ocrx_word' id='word_1_6' title='bbox 1039 711 1217 775; x_wconf 90' lang='lat' dir='ltr'>vindicaret</span> <span class='ocrx_word' id='word_1_7' title='bbox 1229 714 1264 800; x_wconf 86' lang='lat'>¹):</span> <span class='ocrx_word' id='word_1_8' title='bbox 1290 725 1377 778; x_wconf 92' lang='lat' dir='ltr'>certe</span> <span class='ocrx_word' id='word_1_9' title='bbox 1393 723 1482 776; x_wconf 90' lang='lat' dir='ltr'>tanta</span> <span class='ocrx_word' id='word_1_10' title='bbox 1494 723 1545 776; x_wconf 86' lang='lat' dir='ltr'>est</span> <span class='ocrx_word' id='word_1_11' title='bbox 1567 713 1650 774; x_wconf 90' lang='lat' dir='ltr'>simi-</span> 
     </span>
     <span class='ocr_line' id='line_1_3' title="bbox 349 817 1649 898; baseline -0.001 -17"><span class='ocrx_word' id='word_1_12' title='bbox 349 819 460 892; x_wconf 90' lang='lat' dir='ltr'>litudo,</span> <span class='ocrx_word' id='word_1_13' title='bbox 487 827 522 880; x_wconf 93' lang='lat' dir='ltr'>ut</span> <span class='ocrx_word' id='word_1_14' title='bbox 543 818 606 880; x_wconf 89' lang='lat' dir='ltr'>hac</span> <span class='ocrx_word' id='word_1_15' title='bbox 630 836 760 898; x_wconf 90' lang='lat' dir='ltr'>quoque</span> <span class='ocrx_word' id='word_1_16' title='bbox 786 817 910 881; x_wconf 91' lang='lat' dir='ltr'>ratione</span> <span class='ocrx_word' id='word_1_17' title='bbox 933 820 1103 884; x_wconf 90' lang='lat' dir='ltr'>Moschum</span> <span class='ocrx_word' id='word_1_18' title='bbox 1127 831 1160 884; x_wconf 90' lang='lat' dir='ltr'>et</span> <span class='ocrx_word' id='word_1_19' title='bbox 1183 821 1394 884; x_wconf 84' lang='lat' dir='ltr'>Theocritum</span> <span class='ocrx_word' id='word_1_20' title='bbox 1418 821 1559 884; x_wconf 91' lang='lat' dir='ltr'>eundern</span> <span class='ocrx_word' id='word_1_21' title='bbox 1579 841 1649 884; x_wconf 87' lang='lat' dir='ltr'>esse</span> 
     </span>
     <span class='ocr_line' id='line_1_4' title="bbox 350 929 1648 1013; baseline -0.001 -20"><span class='ocrx_word' id='word_1_22' title='bbox 350 940 483 1013; x_wconf 89' lang='lat' dir='ltr'>poetam</span> <span class='ocrx_word' id='word_1_23' title='bbox 512 929 753 1011; x_wconf 84' lang='lat' dir='ltr'>comprobetur.</span> <span class='ocrx_word' id='word_1_24' title='bbox 778 964 821 974; x_wconf 88' lang='lat'>-</span> <span class='ocrx_word' id='word_1_25' title='bbox 845 929 912 992; x_wconf 89' lang='lat' dir='ltr'>lam</span> <span class='ocrx_word' id='word_1_26' title='bbox 941 931 984 992; x_wconf 92' lang='lat' dir='ltr'>ad</span> <span class='ocrx_word' id='word_1_27' title='bbox 1017 932 1144 1013; x_wconf 86' lang='lat' dir='ltr'>singula</span> <span class='ocrx_word' id='word_1_28' title='bbox 1185 933 1388 997; x_wconf 81' lang='lat' dir='ltr'>accedamus.</span> <span class='ocrx_word' id='word_1_29' title='bbox 1435 932 1648 994; x_wconf 89' lang='lat' dir='ltr'>Praemonen-</span> 
     </span>
     <span class='ocr_line' id='line_1_5' title="bbox 350 1036 1644 1123; baseline -0.004 -18"><span class='ocrx_word' id='word_1_30' title='bbox 350 1042 428 1105; x_wconf 92' lang='lat' dir='ltr'>dum</span> <span class='ocrx_word' id='word_1_31' title='bbox 445 1050 555 1103; x_wconf 92' lang='lat' dir='ltr'>autem</span> <span class='ocrx_word' id='word_1_32' title='bbox 571 1039 698 1100; x_wconf 89' lang='lat' dir='ltr'>videtur</span> <span class='ocrx_word' id='word_1_33' title='bbox 713 1036 800 1109; x_wconf 87' lang='lat' dir='ltr'>mihi,</span> <span class='ocrx_word' id='word_1_34' title='bbox 818 1038 915 1105; x_wconf 89' lang='lat' dir='ltr'><strong>codd.</strong></span> <span class='ocrx_word' id='word_1_35' title='bbox 934 1040 986 1121; x_wconf 85' lang='lat' dir='ltr'>(cl.</span> <span class='ocrx_word' id='word_1_36' title='bbox 1004 1043 1114 1123; x_wconf 89' lang='lat' dir='ltr'>supra)</span> <span class='ocrx_word' id='word_1_37' title='bbox 1132 1042 1173 1104; x_wconf 88' lang='lat' dir='ltr'>de</span> <span class='ocrx_word' id='word_1_38' title='bbox 1185 1043 1370 1105; x_wconf 88' lang='lat' dir='ltr'>auctoribus</span> <span class='ocrx_word' id='word_1_39' title='bbox 1384 1042 1467 1104; x_wconf 88' lang='lat' dir='ltr'>adeo</span> <span class='ocrx_word' id='word_1_40' title='bbox 1479 1041 1644 1113; x_wconf 88' lang='lat' dir='ltr'>fluctuare,</span> 
     </span>
     <span class='ocr_line' id='line_1_6' title="bbox 350 1147 1646 1234; baseline -0.001 -22"><span class='ocrx_word' id='word_1_41' title='bbox 350 1161 386 1213; x_wconf 93' lang='lat' dir='ltr'>ut</span> <span class='ocrx_word' id='word_1_42' title='bbox 408 1151 555 1230; x_wconf 88' lang='lat' dir='ltr'>exceptis</span> <span class='ocrx_word' id='word_1_43' title='bbox 572 1150 616 1215; x_wconf 85' lang='lat' dir='ltr'>iis,</span> <span class='ocrx_word' id='word_1_44' title='bbox 641 1168 725 1229; x_wconf 89' lang='lat' dir='ltr'>quae</span> <span class='ocrx_word' id='word_1_45' title='bbox 749 1147 838 1210; x_wconf 87' lang='lat' dir='ltr'>solus</span> <span class='ocrx_word' id='word_1_46' title='bbox 854 1147 1016 1234; x_wconf 76' lang='lat' dir='ltr'>Stobaeus</span> <span class='ocrx_word' id='word_1_47' title='bbox 1040 1151 1135 1214; x_wconf 89' lang='lat' dir='ltr'>nobis</span> <span class='ocrx_word' id='word_1_48' title='bbox 1157 1153 1342 1225; x_wconf 88' lang='lat' dir='ltr'>servaverit,</span> <span class='ocrx_word' id='word_1_49' title='bbox 1360 1152 1481 1214; x_wconf 92' lang='lat' dir='ltr'>nullum</span> <span class='ocrx_word' id='word_1_50' title='bbox 1504 1151 1646 1212; x_wconf 86' lang='lat' dir='ltr'>invenias</span> 
     </span>
     <span class='ocr_line' id='line_1_7' title="bbox 350 1257 1510 1339; baseline -0.003 -15"><span class='ocrx_word' id='word_1_51' title='bbox 350 1279 488 1333; x_wconf 87' lang='lat' dir='ltr'>carmen,</span> <span class='ocrx_word' id='word_1_52' title='bbox 514 1258 602 1339; x_wconf 94' lang='lat' dir='ltr'>quod</span> <span class='ocrx_word' id='word_1_53' title='bbox 627 1278 691 1319; x_wconf 94' lang='lat' dir='ltr'>non</span> <span class='ocrx_word' id='word_1_54' title='bbox 717 1257 851 1335; x_wconf 87' lang='lat' dir='ltr'>utrique,</span> <span class='ocrx_word' id='word_1_55' title='bbox 877 1257 1052 1322; x_wconf 85' lang='lat' dir='ltr'>Theocrito</span> <span class='ocrx_word' id='word_1_56' title='bbox 1077 1272 1109 1323; x_wconf 90' lang='lat' dir='ltr'>et</span> <span class='ocrx_word' id='word_1_57' title='bbox 1131 1260 1278 1334; x_wconf 86' lang='lat' dir='ltr'>Moscho,</span> <span class='ocrx_word' id='word_1_58' title='bbox 1303 1261 1510 1324; x_wconf 84' lang='lat' dir='ltr'>adscribatur.</span> 
     </span>
    </p>

    <p class='ocr_par' dir='ltr' id='par_1_3' title="bbox 350 1367 1647 2554">
     <span class='ocr_line' id='line_1_8' title="bbox 456 1367 1643 1450; baseline -0.001 -18"><span class='ocrx_word' id='word_1_59' title='bbox 456 1369 568 1450; x_wconf 83' lang='lat' dir='ltr'><strong>Atque</strong></span> <span class='ocrx_word' id='word_1_60' title='bbox 590 1369 729 1450; x_wconf 91' lang='lat' dir='ltr'>primum</span> <span class='ocrx_word' id='word_1_61' title='bbox 753 1367 886 1449; x_wconf 90' lang='lat' dir='ltr'>quidem</span> <span class='ocrx_word' id='word_1_62' title='bbox 913 1371 1091 1434; x_wconf 81' lang='lat' dir='ltr'>accuratius</span> <span class='ocrx_word' id='word_1_63' title='bbox 1121 1371 1326 1450; x_wconf 88' lang='lat' dir='ltr'>inspiciamus</span> <span class='ocrx_word' id='word_1_64' title='bbox 1360 1381 1393 1434; x_wconf 90' lang='lat' dir='ltr'>et</span> <span class='ocrx_word' id='word_1_65' title='bbox 1423 1371 1643 1434; x_wconf 87' lang='lat' dir='ltr'>examinemus</span> 
     </span>
     <span class='ocr_line' id='line_1_9' title="bbox 350 1477 1641 1570; baseline 0.001 -29"><span class='ocrx_word' id='word_1_66' title='bbox 350 1499 480 1542; x_wconf 89' lang='lat' dir='ltr'>carmen</span> <span class='ocrx_word' id='word_1_67' title='bbox 502 1479 566 1552; x_wconf 77' lang='lat'>111,</span> <span class='ocrx_word' id='word_1_68' title='bbox 591 1492 626 1541; x_wconf 91' lang='lat' dir='ltr'>ut</span> <span class='ocrx_word' id='word_1_69' title='bbox 648 1477 747 1556; x_wconf 87' lang='lat' dir='ltr'>vulgo</span> <span class='ocrx_word' id='word_1_70' title='bbox 772 1487 966 1570; x_wconf 88' lang='lat' dir='ltr'>numeratur,</span> <span class='ocrx_word' id='word_1_71' title='bbox 992 1481 1100 1542; x_wconf 90' lang='lat' dir='ltr'>Bionis</span> <span class='ocrx_word' id='word_1_72' title='bbox 1123 1481 1314 1548; x_wconf 86' lang='lat' dir='ltr'>cantilenam</span> <span class='ocrx_word' id='word_1_73' title='bbox 1338 1482 1517 1562; x_wconf 83' lang='lat' dir='ltr'>lugubrem,</span> <span class='ocrx_word' id='word_1_74' title='bbox 1542 1500 1641 1560; x_wconf 90' lang='lat' dir='ltr'>quam</span> 
     </span>
     <span class='ocr_line' id='line_1_10' title="bbox 350 1587 1641 1673; baseline 0.001 -22"><span class='ocrx_word' id='word_1_75' title='bbox 350 1591 481 1673; x_wconf 87' lang='lat' dir='ltr'>quidem</span> <span class='ocrx_word' id='word_1_76' title='bbox 505 1587 684 1651; x_wconf 88' lang='lat' dir='ltr'>Ahrensius</span> <span class='ocrx_word' id='word_1_77' title='bbox 700 1588 731 1648; x_wconf 92' lang='lat' dir='ltr'>in</span> <span class='ocrx_word' id='word_1_78' title='bbox 748 1587 942 1650; x_wconf 91' lang='lat' dir='ltr'>incertorum</span> <span class='ocrx_word' id='word_1_79' title='bbox 958 1599 1126 1653; x_wconf 88' lang='lat' dir='ltr'>auctorum</span> <span class='ocrx_word' id='word_1_80' title='bbox 1142 1593 1338 1655; x_wconf 89' lang='lat' dir='ltr'>carminibus</span> <span class='ocrx_word' id='word_1_81' title='bbox 1362 1592 1538 1665; x_wconf 89' lang='lat' dir='ltr'>collocavit,</span> <span class='ocrx_word' id='word_1_82' title='bbox 1564 1611 1641 1672; x_wconf 93' lang='lat' dir='ltr'>quo-</span> 
     </span>
     <span class='ocr_line' id='line_1_11' title="bbox 353 1697 1642 1782; baseline 0.002 -21"><span class='ocrx_word' id='word_1_83' title='bbox 353 1701 439 1761; x_wconf 91' lang='lat' dir='ltr'>niam</span> <span class='ocrx_word' id='word_1_84' title='bbox 462 1710 527 1761; x_wconf 91' lang='lat' dir='ltr'>tres</span> <span class='ocrx_word' id='word_1_85' title='bbox 557 1699 652 1764; x_wconf 89' lang='lat' dir='ltr'>codd.</span> <span class='ocrx_word' id='word_1_86' title='bbox 676 1697 813 1760; x_wconf 88' lang='lat' dir='ltr'>Theocr.</span> <span class='ocrx_word' id='word_1_87' title='bbox 847 1697 910 1776; x_wconf 86' lang='lat'>(18.</span> <span class='ocrx_word' id='word_1_88' title='bbox 936 1723 976 1760; x_wconf 75' lang='lat' dir='ltr'>z:</span> <span class='ocrx_word' id='word_1_89' title='bbox 1001 1699 1074 1763; x_wconf 87' lang='lat' dir='ltr'>Vat.</span> <span class='ocrx_word' id='word_1_90' title='bbox 1099 1701 1136 1764; x_wconf 87' lang='lat' dir='ltr'>E.</span> <span class='ocrx_word' id='word_1_91' title='bbox 1165 1701 1274 1782; x_wconf 79' lang='lat' dir='ltr'>Ziegl,</span> <span class='ocrx_word' id='word_1_92' title='bbox 1298 1703 1429 1763; x_wconf 90' lang='lat' dir='ltr'>Parisini</span> <span class='ocrx_word' id='word_1_93' title='bbox 1461 1702 1501 1763; x_wconf 89' lang='lat' dir='ltr'>D.</span> <span class='ocrx_word' id='word_1_94' title='bbox 1528 1710 1560 1763; x_wconf 90' lang='lat' dir='ltr'>et</span> <span class='ocrx_word' id='word_1_95' title='bbox 1583 1701 1642 1781; x_wconf 91' lang='lat' dir='ltr'>M.)</span> 
     </span>
     <span class='ocr_line' id='line_1_12' title="bbox 356 1806 1646 1894; baseline -0.002 -20"><span class='ocrx_word' id='word_1_96' title='bbox 356 1810 543 1894; x_wconf 80' lang='grc' dir='ltr'><strong><em>θεοκρὶτου,</em></strong></span> <span class='ocrx_word' id='word_1_97' title='bbox 572 1809 643 1870; x_wconf 91' lang='lat' dir='ltr'>cod.</span> <span class='ocrx_word' id='word_1_98' title='bbox 676 1806 800 1872; x_wconf 90' lang='lat' dir='ltr'>Mosch.</span> <span class='ocrx_word' id='word_1_99' title='bbox 836 1808 899 1870; x_wconf 91' lang='lat' dir='ltr'>Vd.</span> <span class='ocrx_word' id='word_1_100' title='bbox 940 1809 1042 1891; x_wconf 82' lang='lat' dir='ltr'>(Caes</span> <span class='ocrx_word' id='word_1_101' title='bbox 1075 1810 1224 1894; x_wconf 76' lang='lat' dir='ltr'>Brunck.)</span> <span class='ocrx_word' id='word_1_102' title='bbox 1254 1809 1388 1894; x_wconf 84' lang='grc' dir='ltr'><strong><em>Μόσχου</em></strong></span> <span class='ocrx_word' id='word_1_103' title='bbox 1418 1811 1432 1886; x_wconf 76' lang='grc' dir='ltr'><strong><em>ἦ</em></strong></span> <span class='ocrx_word' id='word_1_104' title='bbox 1470 1812 1646 1893; x_wconf 83' lang='grc' dir='ltr'>θεοκρίτου</span> 
     </span>
     <span class='ocr_line' id='line_1_13' title="bbox 351 1911 1645 2004; baseline -0.003 -18"><span class='ocrx_word' id='word_1_105' title='bbox 351 1916 554 1986; x_wconf 79' lang='grc' dir='ltr'><strong><em>Σικελιώτου</em></strong></span> <span class='ocrx_word' id='word_1_106' title='bbox 577 1912 608 2004; x_wconf 80' lang='grc' dir='ltr'>(ἦ</span> <span class='ocrx_word' id='word_1_107' title='bbox 631 1939 650 1984; x_wconf 86' lang='lat' dir='ltr'>a</span> <span class='ocrx_word' id='word_1_108' title='bbox 673 1939 735 1982; x_wconf 90' lang='lat' dir='ltr'>sec.</span> <span class='ocrx_word' id='word_1_109' title='bbox 763 1937 848 1980; x_wconf 84' lang='lat' dir='ltr'>man.</span> <span class='ocrx_word' id='word_1_110' title='bbox 874 1919 1034 2002; x_wconf 84' lang='lat' dir='ltr'>additum)</span> <span class='ocrx_word' id='word_1_111' title='bbox 1051 1922 1248 2003; x_wconf 88' lang='lat' dir='ltr'>adscriptum</span> <span class='ocrx_word' id='word_1_112' title='bbox 1265 1911 1435 1984; x_wconf 60' lang='lat' dir='ltr'>habent&#39;et</span> <span class='ocrx_word' id='word_1_113' title='bbox 1459 1921 1528 1982; x_wconf 91' lang='lat' dir='ltr'>sola</span> <span class='ocrx_word' id='word_1_114' title='bbox 1543 1920 1645 1982; x_wconf 89' lang='lat' dir='ltr'>Fulvii</span> 
     </span>
     <span class='ocr_line' id='line_1_14' title="bbox 352 2028 1645 2111; baseline -0.004 -16"><span class='ocrx_word' id='word_1_115' title='bbox 352 2030 457 2095; x_wconf 88' lang='lat' dir='ltr'>Ursini</span> <span class='ocrx_word' id='word_1_116' title='bbox 475 2029 614 2093; x_wconf 90' lang='lat' dir='ltr'>Romani</span> <span class='ocrx_word' id='word_1_117' title='bbox 632 2029 731 2092; x_wconf 90' lang='lat' dir='ltr'>editio</span> <span class='ocrx_word' id='word_1_118' title='bbox 747 2037 860 2108; x_wconf 88' lang='lat' dir='ltr'>aperte</span> <span class='ocrx_word' id='word_1_119' title='bbox 875 2028 1044 2092; x_wconf 88' lang='lat' dir='ltr'>Moschum</span> <span class='ocrx_word' id='word_1_120' title='bbox 1063 2033 1208 2095; x_wconf 89' lang='lat' dir='ltr'>nominat</span> <span class='ocrx_word' id='word_1_121' title='bbox 1224 2042 1402 2098; x_wconf 87' lang='lat' dir='ltr'>auctorem.</span> <span class='ocrx_word' id='word_1_122' title='bbox 1426 2033 1539 2111; x_wconf 91' lang='lat' dir='ltr'>ltaque</span> <span class='ocrx_word' id='word_1_123' title='bbox 1554 2031 1645 2092; x_wconf 91' lang='lat' dir='ltr'>vides</span> 
     </span>
     <span class='ocr_line' id='line_1_15' title="bbox 351 2139 1644 2224; baseline 0 -22"><span class='ocrx_word' id='word_1_124' title='bbox 351 2140 446 2224; x_wconf 89' lang='lat' dir='ltr'>plane</span> <span class='ocrx_word' id='word_1_125' title='bbox 471 2141 622 2204; x_wconf 89' lang='lat' dir='ltr'>invalidas</span> <span class='ocrx_word' id='word_1_126' title='bbox 647 2150 679 2203; x_wconf 92' lang='lat' dir='ltr'>et</span> <span class='ocrx_word' id='word_1_127' title='bbox 702 2139 830 2222; x_wconf 81' lang='lat' dir='ltr'>fragiles</span> <span class='ocrx_word' id='word_1_128' title='bbox 854 2159 924 2200; x_wconf 92' lang='lat' dir='ltr'>esse</span> <span class='ocrx_word' id='word_1_129' title='bbox 948 2159 1062 2201; x_wconf 86' lang='lat' dir='ltr'>causas</span> <span class='ocrx_word' id='word_1_130' title='bbox 1086 2161 1104 2201; x_wconf 91' lang='lat' dir='ltr'>a</span> <span class='ocrx_word' id='word_1_131' title='bbox 1127 2143 1276 2204; x_wconf 92' lang='lat' dir='ltr'>codicum</span> <span class='ocrx_word' id='word_1_132' title='bbox 1300 2142 1492 2205; x_wconf 87' lang='lat' dir='ltr'>auctoritate</span> <span class='ocrx_word' id='word_1_133' title='bbox 1514 2141 1644 2221; x_wconf 74' lang='lat' dir='ltr'>petitas</span> 
     </span>
     <span class='ocr_line' id='line_1_16' title="bbox 352 2250 1647 2334; baseline -0.002 -21"><span class='ocrx_word' id='word_1_134' title='bbox 352 2250 468 2334; x_wconf 91' lang='lat' dir='ltr'>quibus</span> <span class='ocrx_word' id='word_1_135' title='bbox 502 2252 659 2314; x_wconf 91' lang='lat' dir='ltr'>commoti</span> <span class='ocrx_word' id='word_1_136' title='bbox 693 2251 832 2313; x_wconf 87' lang='lat' dir='ltr'>editores</span> <span class='ocrx_word' id='word_1_137' title='bbox 859 2251 922 2312; x_wconf 89' lang='lat' dir='ltr'>hoc</span> <span class='ocrx_word' id='word_1_138' title='bbox 963 2270 1092 2312; x_wconf 87' lang='lat' dir='ltr'>carmen</span> <span class='ocrx_word' id='word_1_139' title='bbox 1125 2252 1261 2316; x_wconf 90' lang='lat' dir='ltr'>Moscho</span> <span class='ocrx_word' id='word_1_140' title='bbox 1294 2251 1484 2316; x_wconf 86' lang='lat' dir='ltr'>tribuerunt.</span> <span class='ocrx_word' id='word_1_141' title='bbox 1538 2251 1647 2314; x_wconf 91' lang='lat' dir='ltr'>Nihilo</span> 
     </span>
     <span class='ocr_line' id='line_1_17' title="bbox 351 2345 1645 2445; baseline -0.001 -23"><span class='ocrx_word' id='word_1_142' title='bbox 351 2345 456 2424; x_wconf 81' lang='lat' dir='ltr'>secius</span> <span class='ocrx_word' id='word_1_143' title='bbox 480 2362 542 2425; x_wconf 95' lang='lat' dir='ltr'>hoc</span> <span class='ocrx_word' id='word_1_144' title='bbox 566 2362 739 2444; x_wconf 89' lang='lat' dir='ltr'>praecipue</span> <span class='ocrx_word' id='word_1_145' title='bbox 762 2358 871 2440; x_wconf 93' lang='lat' dir='ltr'>idyllio</span> <span class='ocrx_word' id='word_1_146' title='bbox 896 2360 953 2420; x_wconf 91' lang='lat' dir='ltr'>nisi</span> <span class='ocrx_word' id='word_1_147' title='bbox 986 2361 1042 2421; x_wconf 91' lang='lat' dir='ltr'>viri</span> <span class='ocrx_word' id='word_1_148' title='bbox 1072 2363 1158 2424; x_wconf 91' lang='lat' dir='ltr'>docti</span> <span class='ocrx_word' id='word_1_149' title='bbox 1189 2364 1266 2425; x_wconf 88' lang='lat' dir='ltr'>artis</span> <span class='ocrx_word' id='word_1_150' title='bbox 1289 2364 1440 2445; x_wconf 86' lang='lat' dir='ltr'>poeticae</span> <span class='ocrx_word' id='word_1_151' title='bbox 1473 2361 1645 2423; x_wconf 87' lang='lat' dir='ltr'>discrimen</span> 
     </span>
     <span class='ocr_line' id='line_1_18' title="bbox 352 2470 1644 2554; baseline -0.002 -21"><span class='ocrx_word' id='word_1_152' title='bbox 352 2473 435 2535; x_wconf 88' lang='lat' dir='ltr'>inter</span> <span class='ocrx_word' id='word_1_153' title='bbox 447 2472 658 2536; x_wconf 89' lang='lat' dir='ltr'>Theocritum</span> <span class='ocrx_word' id='word_1_154' title='bbox 671 2481 703 2534; x_wconf 89' lang='lat' dir='ltr'>et</span> <span class='ocrx_word' id='word_1_155' title='bbox 719 2470 900 2544; x_wconf 90' lang='lat' dir='ltr'>Moschum,</span> <span class='ocrx_word' id='word_1_156' title='bbox 917 2491 1014 2552; x_wconf 91' lang='lat' dir='ltr'>quem</span> <span class='ocrx_word' id='word_1_157' title='bbox 1032 2473 1204 2554; x_wconf 88' lang='lat' dir='ltr'>appellant,</span> <span class='ocrx_word' id='word_1_158' title='bbox 1226 2474 1422 2536; x_wconf 89' lang='lat' dir='ltr'>constituere</span> <span class='ocrx_word' id='word_1_159' title='bbox 1436 2472 1543 2534; x_wconf 88' lang='lat' dir='ltr'>conati</span> <span class='ocrx_word' id='word_1_160' title='bbox 1558 2481 1644 2532; x_wconf 93' lang='lat' dir='ltr'>sunt.</span> 
     </span>
    </p>

    <p class='ocr_par' dir='ltr' id='par_1_4' title="bbox 352 2581 1728 3658">
     <span class='ocr_line' id='line_1_19' title="bbox 459 2581 1646 2664; baseline -0.003 -20"><span class='ocrx_word' id='word_1_161' title='bbox 459 2581 661 2645; x_wconf 87' lang='lat' dir='ltr'>Collocatum</span> <span class='ocrx_word' id='word_1_162' title='bbox 685 2591 735 2644; x_wconf 90' lang='lat' dir='ltr'>est</span> <span class='ocrx_word' id='word_1_163' title='bbox 758 2581 820 2642; x_wconf 92' lang='lat' dir='ltr'>hoc</span> <span class='ocrx_word' id='word_1_164' title='bbox 843 2600 982 2654; x_wconf 86' lang='lat' dir='ltr'>carmen,</span> <span class='ocrx_word' id='word_1_165' title='bbox 1008 2601 1083 2642; x_wconf 90' lang='lat' dir='ltr'>nam</span> <span class='ocrx_word' id='word_1_166' title='bbox 1105 2583 1247 2664; x_wconf 91' lang='lat' dir='ltr'>spurium</span> <span class='ocrx_word' id='word_1_167' title='bbox 1270 2603 1342 2646; x_wconf 91' lang='lat' dir='ltr'>esse</span> <span class='ocrx_word' id='word_1_168' title='bbox 1367 2583 1530 2664; x_wconf 89' lang='lat' dir='ltr'>copiosius</span> <span class='ocrx_word' id='word_1_169' title='bbox 1561 2601 1646 2642; x_wconf 91' lang='lat' dir='ltr'>com-</span> 
     </span>
     <span class='ocr_line' id='line_1_20' title="bbox 352 2690 1647 2776; baseline -0.002 -22"><span class='ocrx_word' id='word_1_170' title='bbox 352 2693 491 2776; x_wconf 89' lang='lat' dir='ltr'>probare</span> <span class='ocrx_word' id='word_1_171' title='bbox 514 2693 663 2763; x_wconf 83' lang='lat' dir='ltr'>studebo,</span> <span class='ocrx_word' id='word_1_172' title='bbox 690 2693 720 2754; x_wconf 93' lang='lat' dir='ltr'>in</span> <span class='ocrx_word' id='word_1_173' title='bbox 745 2690 966 2755; x_wconf 92' lang='lat' dir='ltr'>bucolicorum</span> <span class='ocrx_word' id='word_1_174' title='bbox 989 2690 1187 2766; x_wconf 90' lang='lat' dir='ltr'>collectione,</span> <span class='ocrx_word' id='word_1_175' title='bbox 1205 2693 1301 2774; x_wconf 81' lang='lat' dir='ltr'>¹quod</span> <span class='ocrx_word' id='word_1_176' title='bbox 1325 2693 1380 2774; x_wconf 91' lang='lat' dir='ltr'>qui</span> <span class='ocrx_word' id='word_1_177' title='bbox 1403 2693 1499 2774; x_wconf 88' lang='lat' dir='ltr'>primi</span> <span class='ocrx_word' id='word_1_178' title='bbox 1522 2693 1647 2753; x_wconf 89' lang='lat' dir='ltr'>invene-</span> 
     </span>
     <span class='ocr_line' id='line_1_21' title="bbox 354 2802 1647 2886; baseline 0.001 -21"><span class='ocrx_word' id='word_1_179' title='bbox 354 2812 427 2865; x_wconf 91' lang='lat' dir='ltr'>runt</span> <span class='ocrx_word' id='word_1_180' title='bbox 461 2812 628 2866; x_wconf 91' lang='lat' dir='ltr'>auctorem</span> <span class='ocrx_word' id='word_1_181' title='bbox 660 2824 697 2864; x_wconf 90' lang='lat' dir='ltr'>se</span> <span class='ocrx_word' id='word_1_182' title='bbox 727 2803 837 2863; x_wconf 88' lang='lat' dir='ltr'>Bionis</span> <span class='ocrx_word' id='word_1_183' title='bbox 867 2802 1058 2883; x_wconf 90' lang='lat' dir='ltr'>discipulum</span> <span class='ocrx_word' id='word_1_184' title='bbox 1095 2803 1150 2881; x_wconf 81' lang='lat' dir='ltr'>(vs</span> <span class='ocrx_word' id='word_1_185' title='bbox 1187 2803 1254 2886; x_wconf 84' lang='lat'>96.)</span> <span class='ocrx_word' id='word_1_186' title='bbox 1286 2803 1454 2865; x_wconf 88' lang='lat' dir='ltr'>nominare</span> <span class='ocrx_word' id='word_1_187' title='bbox 1489 2803 1647 2866; x_wconf 89' lang='lat' dir='ltr'>viderunt.</span> 
     </span>
     <span class='ocr_line' id='line_1_22' title="bbox 354 2911 1648 2996; baseline -0.001 -22"><span class='ocrx_word' id='word_1_188' title='bbox 354 2915 465 2996; x_wconf 92' lang='lat' dir='ltr'>Atque</span> <span class='ocrx_word' id='word_1_189' title='bbox 489 2934 562 2976; x_wconf 92' lang='lat' dir='ltr'>cum</span> <span class='ocrx_word' id='word_1_190' title='bbox 586 2923 755 2996; x_wconf 88' lang='lat' dir='ltr'>praeterea</span> <span class='ocrx_word' id='word_1_191' title='bbox 778 2911 913 2973; x_wconf 90' lang='lat' dir='ltr'>Bionem</span> <span class='ocrx_word' id='word_1_192' title='bbox 937 2912 1000 2973; x_wconf 93' lang='lat' dir='ltr'>hoc</span> <span class='ocrx_word' id='word_1_193' title='bbox 1024 2913 1164 2974; x_wconf 89' lang='lat' dir='ltr'>carmine</span> <span class='ocrx_word' id='word_1_194' title='bbox 1188 2933 1349 2975; x_wconf 91' lang='lat' dir='ltr'>summum</span> <span class='ocrx_word' id='word_1_195' title='bbox 1381 2913 1458 2974; x_wconf 91' lang='lat' dir='ltr'>artis</span> <span class='ocrx_word' id='word_1_196' title='bbox 1482 2913 1648 2976; x_wconf 92' lang='lat' dir='ltr'>bucolicae</span> 
     </span>
     <span class='ocr_line' id='line_1_23' title="bbox 354 3021 1647 3107; baseline -0.002 -21"><span class='ocrx_word' id='word_1_197' title='bbox 354 3034 486 3107; x_wconf 91' lang='lat' dir='ltr'>poetam</span> <span class='ocrx_word' id='word_1_198' title='bbox 505 3024 657 3088; x_wconf 90' lang='lat' dir='ltr'>celebrari</span> <span class='ocrx_word' id='word_1_199' title='bbox 672 3026 816 3105; x_wconf 85' lang='lat' dir='ltr'>legerent</span> <span class='ocrx_word' id='word_1_200' title='bbox 832 3033 864 3085; x_wconf 90' lang='lat' dir='ltr'>et</span> <span class='ocrx_word' id='word_1_201' title='bbox 880 3035 945 3084; x_wconf 90' lang='lat' dir='ltr'>tres</span> <span class='ocrx_word' id='word_1_202' title='bbox 968 3044 1039 3086; x_wconf 89' lang='lat' dir='ltr'>esse</span> <span class='ocrx_word' id='word_1_203' title='bbox 1055 3035 1171 3105; x_wconf 90' lang='lat' dir='ltr'>poetas</span> <span class='ocrx_word' id='word_1_204' title='bbox 1187 3024 1353 3084; x_wconf 91' lang='lat' dir='ltr'>bucolicos</span> <span class='ocrx_word' id='word_1_205' title='bbox 1376 3025 1463 3104; x_wconf 76' lang='lat' dir='ltr'>(nam</span> <span class='ocrx_word' id='word_1_206' title='bbox 1480 3043 1522 3085; x_wconf 91' lang='lat' dir='ltr'>ex</span> <span class='ocrx_word' id='word_1_207' title='bbox 1544 3021 1647 3084; x_wconf 87' lang='lat' dir='ltr'>Theo-</span> 
     </span>
     <span class='ocr_line' id='line_1_24' title="bbox 355 3132 1645 3217; baseline -0.002 -21"><span class='ocrx_word' id='word_1_208' title='bbox 355 3135 437 3196; x_wconf 91' lang='lat' dir='ltr'>crito</span> <span class='ocrx_word' id='word_1_209' title='bbox 462 3134 598 3196; x_wconf 89' lang='lat' dir='ltr'>Moscho</span> <span class='ocrx_word' id='word_1_210' title='bbox 629 3136 694 3198; x_wconf 91' lang='lat' dir='ltr'>duo</span> <span class='ocrx_word' id='word_1_211' title='bbox 727 3146 846 3217; x_wconf 92' lang='lat' dir='ltr'>poetae</span> <span class='ocrx_word' id='word_1_212' title='bbox 870 3145 939 3196; x_wconf 94' lang='lat' dir='ltr'>tum</span> <span class='ocrx_word' id='word_1_213' title='bbox 966 3135 1029 3195; x_wconf 88' lang='lat' dir='ltr'>iam</span> <span class='ocrx_word' id='word_1_214' title='bbox 1047 3134 1126 3196; x_wconf 82' lang='lat' dir='ltr'>iacti</span> <span class='ocrx_word' id='word_1_215' title='bbox 1151 3137 1252 3215; x_wconf 89' lang='lat' dir='ltr'>erant)</span> <span class='ocrx_word' id='word_1_216' title='bbox 1276 3153 1336 3215; x_wconf 93' lang='lat' dir='ltr'>pro</span> <span class='ocrx_word' id='word_1_217' title='bbox 1365 3143 1453 3194; x_wconf 92' lang='lat' dir='ltr'>certo</span> <span class='ocrx_word' id='word_1_218' title='bbox 1478 3132 1645 3204; x_wconf 90' lang='lat' dir='ltr'>haberent,</span> 
     </span>
     <span class='ocr_line' id='line_1_25' title="bbox 354 3229 1728 3328; baseline -0.001 -22"><span class='ocrx_word' id='word_1_219' title='bbox 354 3244 405 3306; x_wconf 91' lang='lat' dir='ltr'>alii</span> <span class='ocrx_word' id='word_1_220' title='bbox 432 3243 640 3308; x_wconf 90' lang='lat' dir='ltr'>Theocritum</span> <span class='ocrx_word' id='word_1_221' title='bbox 673 3247 762 3328; x_wconf 90' lang='lat' dir='ltr'>(nam</span> <span class='ocrx_word' id='word_1_222' title='bbox 793 3244 907 3307; x_wconf 90' lang='lat' dir='ltr'>lacuna</span> <span class='ocrx_word' id='word_1_223' title='bbox 938 3254 1013 3308; x_wconf 88' lang='lat' dir='ltr'>ante</span> <span class='ocrx_word' id='word_1_224' title='bbox 1044 3265 1089 3306; x_wconf 92' lang='lat' dir='ltr'>vs.</span> <span class='ocrx_word' id='word_1_225' title='bbox 1115 3261 1165 3323; x_wconf 86' lang='lat'>93.</span> <span class='ocrx_word' id='word_1_226' title='bbox 1191 3244 1234 3305; x_wconf 90' lang='lat' dir='ltr'>ita</span> <span class='ocrx_word' id='word_1_227' title='bbox 1257 3229 1649 3306; x_wconf 72' lang='lat' dir='ltr'>Theocritum&#39;inducere</span> <span class='ocrx_word' id='word_1_228' title='bbox 1727 3315 1728 3320; x_wconf 8' lang='grc' dir='ltr'>η</span> 
     </span>
     <span class='ocr_line' id='line_1_26' title="bbox 355 3351 1648 3437; baseline -0.001 -22"><span class='ocrx_word' id='word_1_229' title='bbox 355 3356 485 3437; x_wconf 85' lang='lat' dir='ltr'>potuit),</span> <span class='ocrx_word' id='word_1_230' title='bbox 518 3355 570 3416; x_wconf 92' lang='lat' dir='ltr'>alii</span> <span class='ocrx_word' id='word_1_231' title='bbox 594 3354 766 3417; x_wconf 90' lang='lat' dir='ltr'>Moschum</span> <span class='ocrx_word' id='word_1_232' title='bbox 789 3355 940 3417; x_wconf 83' lang='lat' dir='ltr'>statuisse</span> <span class='ocrx_word' id='word_1_233' title='bbox 978 3355 1136 3418; x_wconf 88' lang='lat' dir='ltr'>videntur.</span> <span class='ocrx_word' id='word_1_234' title='bbox 1191 3352 1360 3416; x_wconf 89' lang='lat' dir='ltr'>Moschum</span> <span class='ocrx_word' id='word_1_235' title='bbox 1393 3364 1501 3414; x_wconf 88' lang='lat' dir='ltr'>autem</span> <span class='ocrx_word' id='word_1_236' title='bbox 1534 3351 1648 3434; x_wconf 85' lang='lat' dir='ltr'>Syra-</span> 
     </span>
     <span class='ocr_line' id='line_1_27' title="bbox 353 3463 1648 3545; baseline -0.001 -20"><span class='ocrx_word' id='word_1_237' title='bbox 353 3484 397 3525; x_wconf 93' lang='lat' dir='ltr'>cu</span> <span class='ocrx_word' id='word_1_238' title='bbox 408 3483 547 3526; x_wconf 90' lang='lat' dir='ltr'>sanum</span> <span class='ocrx_word' id='word_1_239' title='bbox 572 3484 636 3525; x_wconf 89' lang='lat' dir='ltr'>nou</span> <span class='ocrx_word' id='word_1_240' title='bbox 653 3485 723 3526; x_wconf 86' lang='lat' dir='ltr'>esse</span> <span class='ocrx_word' id='word_1_241' title='bbox 740 3474 904 3529; x_wconf 87' lang='lat' dir='ltr'>auctorem</span> <span class='ocrx_word' id='word_1_242' title='bbox 921 3467 1017 3528; x_wconf 91' lang='lat' dir='ltr'>docet</span> <span class='ocrx_word' id='word_1_243' title='bbox 1041 3487 1085 3527; x_wconf 92' lang='lat' dir='ltr'>vs.</span> <span class='ocrx_word' id='word_1_244' title='bbox 1104 3482 1157 3545; x_wconf 85' lang='grc'>94,</span> <span class='ocrx_word' id='word_1_245' title='bbox 1177 3484 1241 3544; x_wconf 92' lang='lat' dir='ltr'>quo</span> <span class='ocrx_word' id='word_1_246' title='bbox 1257 3473 1351 3525; x_wconf 90' lang='lat' dir='ltr'>autor</span> <span class='ocrx_word' id='word_1_247' title='bbox 1368 3483 1402 3526; x_wconf 92' lang='lat' dir='ltr'>se</span> <span class='ocrx_word' id='word_1_248' title='bbox 1419 3463 1648 3525; x_wconf 86' lang='lat' dir='ltr'>Ausoniam</span> 
     </span>
     <span class='ocr_line' id='line_1_28' title="bbox 353 3573 1648 3658; baseline -0.002 -22"><span class='ocrx_word' id='word_1_249' title='bbox 353 3575 489 3655; x_wconf 87' lang='lat' dir='ltr'>patriam</span> <span class='ocrx_word' id='word_1_250' title='bbox 511 3574 632 3638; x_wconf 90' lang='lat' dir='ltr'>habere</span> <span class='ocrx_word' id='word_1_251' title='bbox 649 3576 725 3638; x_wconf 91' lang='lat' dir='ltr'>dicit</span> <span class='ocrx_word' id='word_1_252' title='bbox 738 3577 772 3658; x_wconf 72' lang='lat'>²).</span> <span class='ocrx_word' id='word_1_253' title='bbox 819 3577 931 3657; x_wconf 88' lang='lat' dir='ltr'>ltaque</span> <span class='ocrx_word' id='word_1_254' title='bbox 948 3596 1130 3656; x_wconf 87' lang='lat' dir='ltr'>anonymus</span> <span class='ocrx_word' id='word_1_255' title='bbox 1146 3575 1279 3654; x_wconf 91' lang='lat' dir='ltr'>quidam</span> <span class='ocrx_word' id='word_1_256' title='bbox 1297 3593 1356 3635; x_wconf 91' lang='lat' dir='ltr'>nec</span> <span class='ocrx_word' id='word_1_257' title='bbox 1371 3583 1481 3634; x_wconf 91' lang='lat' dir='ltr'>tamen</span> <span class='ocrx_word' id='word_1_258' title='bbox 1497 3573 1648 3635; x_wconf 91' lang='lat' dir='ltr'>indoctus</span> 
     </span>
    </p>
   </div>
   <div class='ocr_carea' id='block_1_3' title="bbox 349 3779 1654 4683">
    <p class='ocr_par' dir='ltr' id='par_1_5' title="bbox 349 3779 1651 4404">
     <span class='ocr_line' id='line_1_29' title="bbox 463 3779 1649 3854; baseline -0.003 -23"><span class='ocrx_word' id='word_1_259' title='bbox 463 3780 480 3854; x_wconf 91' lang='lat'>¹)</span> <span class='ocrx_word' id='word_1_260' title='bbox 501 3782 589 3831; x_wconf 87' lang='lat' dir='ltr'>Gravis</span> <span class='ocrx_word' id='word_1_261' title='bbox 613 3790 651 3832; x_wconf 89' lang='lat' dir='ltr'>est</span> <span class='ocrx_word' id='word_1_262' title='bbox 676 3783 808 3847; x_wconf 84' lang='lat' dir='ltr'>Hartungii</span> <span class='ocrx_word' id='word_1_263' title='bbox 834 3799 912 3843; x_wconf 87' lang='lat' dir='ltr'>error,</span> <span class='ocrx_word' id='word_1_264' title='bbox 939 3783 1007 3847; x_wconf 89' lang='lat' dir='ltr'>quod</span> <span class='ocrx_word' id='word_1_265' title='bbox 1032 3782 1136 3832; x_wconf 88' lang='lat' dir='ltr'>Suidam</span> <span class='ocrx_word' id='word_1_266' title='bbox 1161 3781 1323 3830; x_wconf 88' lang='lat' dir='ltr'>Theocritum</span> <span class='ocrx_word' id='word_1_267' title='bbox 1348 3779 1518 3845; x_wconf 88' lang='lat' dir='ltr'>composuisse</span> <span class='ocrx_word' id='word_1_268' title='bbox 1537 3781 1649 3828; x_wconf 86' lang='lat' dir='ltr'>carmina</span> 
     </span>
     <span class='ocr_line' id='line_1_30' title="bbox 352 3869 1650 3941; baseline -0.001 -16"><span class='ocrx_word' id='word_1_269' title='bbox 352 3877 423 3941; x_wconf 88' lang='lat' dir='ltr'>epica</span> <span class='ocrx_word' id='word_1_270' title='bbox 440 3891 532 3940; x_wconf 85' lang='lat' dir='ltr'>negare</span> <span class='ocrx_word' id='word_1_271' title='bbox 551 3875 662 3940; x_wconf 66' lang='lat' dir='ltr'>scripsit:</span> <span class='ocrx_word' id='word_1_272' title='bbox 682 3875 780 3924; x_wconf 90' lang='lat' dir='ltr'>cuinam</span> <span class='ocrx_word' id='word_1_273' title='bbox 799 3877 884 3940; x_wconf 81' lang='lat' dir='ltr'>generi</span> <span class='ocrx_word' id='word_1_274' title='bbox 904 3875 1107 3924; x_wconf 91' lang='lat' dir='ltr'>adnumerandae</span> <span class='ocrx_word' id='word_1_275' title='bbox 1127 3882 1184 3923; x_wconf 89' lang='lat' dir='ltr'>sunt</span> <span class='ocrx_word' id='word_1_276' title='bbox 1201 3869 1344 3941; x_wconf 71' lang='lat' dir='ltr'>‘prr‘vnr,</span> <span class='ocrx_word' id='word_1_277' title='bbox 1368 3873 1517 3940; x_wconf 69' lang='lat' dir='ltr'>llooirtrl&#39;rc</span> <span class='ocrx_word' id='word_1_278' title='bbox 1538 3871 1583 3923; x_wconf 74' lang='grc' dir='ltr'>κτὲ</span> <span class='ocrx_word' id='word_1_279' title='bbox 1606 3869 1650 3938; x_wconf 81' lang='lat' dir='ltr'>(cf.</span> 
     </span>
     <span class='ocr_line' id='line_1_31' title="bbox 351 3966 1649 4034; baseline -0.002 -17"><span class='ocrx_word' id='word_1_280' title='bbox 351 3969 455 4018; x_wconf 87' lang='lat' dir='ltr'>Hauler.</span> <span class='ocrx_word' id='word_1_281' title='bbox 476 3968 492 4016; x_wconf 92' lang='lat' dir='ltr'>l.</span> <span class='ocrx_word' id='word_1_282' title='bbox 511 3968 528 4016; x_wconf 89' lang='lat'>1.</span> <span class='ocrx_word' id='word_1_283' title='bbox 549 3983 572 4033; x_wconf 90' lang='lat' dir='ltr'>p.</span> <span class='ocrx_word' id='word_1_284' title='bbox 594 3967 669 4034; x_wconf 84' lang='lat'><strong>36.)?</strong></span> <span class='ocrx_word' id='word_1_285' title='bbox 688 3967 726 4015; x_wconf 88' lang='lat' dir='ltr'>Ex</span> <span class='ocrx_word' id='word_1_286' title='bbox 744 3969 857 4016; x_wconf 88' lang='lat' dir='ltr'>versibus</span> <span class='ocrx_word' id='word_1_287' title='bbox 875 3967 908 4015; x_wconf 87' lang='lat' dir='ltr'>id.</span> <span class='ocrx_word' id='word_1_288' title='bbox 929 3967 986 4015; x_wconf 89' lang='lat' dir='ltr'>Vll.</span> <span class='ocrx_word' id='word_1_289' title='bbox 1007 3978 1049 4030; x_wconf 83' lang='lat'>45.</span> <span class='ocrx_word' id='word_1_290' title='bbox 1069 3982 1138 4030; x_wconf 89' lang='lat' dir='ltr'>seqq.</span> <span class='ocrx_word' id='word_1_291' title='bbox 1158 3969 1206 4016; x_wconf 89' lang='lat' dir='ltr'>hoc</span> <span class='ocrx_word' id='word_1_292' title='bbox 1224 3966 1399 4016; x_wconf 84' lang='lat' dir='ltr'>tantummodo</span> <span class='ocrx_word' id='word_1_293' title='bbox 1422 3966 1537 4016; x_wconf 89' lang='lat' dir='ltr'>concludi</span> <span class='ocrx_word' id='word_1_294' title='bbox 1558 3975 1649 4031; x_wconf 80' lang='lat' dir='ltr'>potest,</span> 
     </span>
     <span class='ocr_line' id='line_1_32' title="bbox 351 4054 1650 4126; baseline -0.001 -17"><span class='ocrx_word' id='word_1_295' title='bbox 351 4061 511 4116; x_wconf 88' lang='lat' dir='ltr'>Theocritum</span> <span class='ocrx_word' id='word_1_296' title='bbox 531 4061 708 4126; x_wconf 86' lang='lat' dir='ltr'>contempsisse</span> <span class='ocrx_word' id='word_1_297' title='bbox 735 4062 829 4110; x_wconf 86' lang='lat' dir='ltr'>maiora</span> <span class='ocrx_word' id='word_1_298' title='bbox 856 4061 966 4109; x_wconf 77' lang='lat' dir='ltr'>carmina</span> <span class='ocrx_word' id='word_1_299' title='bbox 993 4059 1064 4124; x_wconf 87' lang='lat' dir='ltr'>epica</span> <span class='ocrx_word' id='word_1_300' title='bbox 1090 4070 1114 4108; x_wconf 92' lang='lat' dir='ltr'>et</span> <span class='ocrx_word' id='word_1_301' title='bbox 1140 4059 1226 4108; x_wconf 81' lang='lat' dir='ltr'>fecisse</span> <span class='ocrx_word' id='word_1_302' title='bbox 1253 4075 1310 4110; x_wconf 92' lang='lat' dir='ltr'>cum</span> <span class='ocrx_word' id='word_1_303' title='bbox 1333 4059 1506 4114; x_wconf 78' lang='lat' dir='ltr'>Callimacho:</span> <span class='ocrx_word' id='word_1_304' title='bbox 1530 4054 1650 4110; x_wconf 70' lang='lat' dir='ltr'>tntum</span> 
     </span>
     <span class='ocr_line' id='line_1_33' title="bbox 350 4151 1643 4218; baseline 0 -16"><span class='ocrx_word' id='word_1_305' title='bbox 350 4161 417 4202; x_wconf 88' lang='lat' dir='ltr'>certe</span> <span class='ocrx_word' id='word_1_306' title='bbox 434 4169 465 4202; x_wconf 77' lang='lat' dir='ltr'>ea</span> <span class='ocrx_word' id='word_1_307' title='bbox 483 4152 549 4202; x_wconf 91' lang='lat' dir='ltr'>illius</span> <span class='ocrx_word' id='word_1_308' title='bbox 567 4154 655 4203; x_wconf 87' lang='lat' dir='ltr'>aetatis</span> <span class='ocrx_word' id='word_1_309' title='bbox 675 4154 776 4218; x_wconf 86' lang='lat' dir='ltr'>ingenio</span> <span class='ocrx_word' id='word_1_310' title='bbox 797 4161 873 4202; x_wconf 89' lang='lat' dir='ltr'>erant.</span> <span class='ocrx_word' id='word_1_311' title='bbox 911 4153 1039 4202; x_wconf 88' lang='lat' dir='ltr'>Praeterea</span> <span class='ocrx_word' id='word_1_312' title='bbox 1064 4159 1147 4200; x_wconf 88' lang='lat' dir='ltr'>autem</span> <span class='ocrx_word' id='word_1_313' title='bbox 1166 4151 1332 4216; x_wconf 87' lang='lat' dir='ltr'>reputandum</span> <span class='ocrx_word' id='word_1_314' title='bbox 1357 4161 1401 4213; x_wconf 92' lang='lat' dir='ltr'>est,</span> <span class='ocrx_word' id='word_1_315' title='bbox 1421 4153 1583 4202; x_wconf 87' lang='lat' dir='ltr'>Theocritum</span> <span class='ocrx_word' id='word_1_316' title='bbox 1602 4155 1643 4202; x_wconf 87' lang='lat' dir='ltr'>sib</span> 
     </span>
     <span class='ocr_line' id='line_1_34' title="bbox 350 4243 1651 4310; baseline 0 -16"><span class='ocrx_word' id='word_1_317' title='bbox 350 4253 505 4295; x_wconf 86' lang='lat' dir='ltr'>constantem</span> <span class='ocrx_word' id='word_1_318' title='bbox 525 4246 596 4294; x_wconf 89' lang='lat' dir='ltr'>sicuti</span> <span class='ocrx_word' id='word_1_319' title='bbox 615 4246 675 4294; x_wconf 92' lang='lat' dir='ltr'>olim</span> <span class='ocrx_word' id='word_1_320' title='bbox 695 4244 862 4294; x_wconf 83' lang='lat' dir='ltr'>Sterichorum</span> <span class='ocrx_word' id='word_1_321' title='bbox 884 4245 963 4310; x_wconf 73' lang='lat' dir='ltr'>»epici</span> <span class='ocrx_word' id='word_1_322' title='bbox 982 4244 1097 4293; x_wconf 85' lang='lat' dir='ltr'>carminis</span> <span class='ocrx_word' id='word_1_323' title='bbox 1116 4259 1216 4304; x_wconf 84' lang='lat' dir='ltr'>onera«,</span> <span class='ocrx_word' id='word_1_324' title='bbox 1242 4254 1268 4293; x_wconf 92' lang='lat' dir='ltr'>ut</span> <span class='ocrx_word' id='word_1_325' title='bbox 1287 4243 1484 4306; x_wconf 87' lang='lat' dir='ltr'>Quinctilianum</span> <span class='ocrx_word' id='word_1_326' title='bbox 1503 4246 1651 4310; x_wconf 87' lang='lat' dir='ltr'>loquentem</span> 
     </span>
     <span class='ocr_line' id='line_1_35' title="bbox 349 4336 1160 4404; baseline 0 -18"><span class='ocrx_word' id='word_1_327' title='bbox 349 4337 475 4399; x_wconf 72' lang='lat' dir='ltr'>inducam,</span> <span class='ocrx_word' id='word_1_328' title='bbox 498 4336 573 4401; x_wconf 73' lang='lat' dir='ltr'>olyra,</span> <span class='ocrx_word' id='word_1_329' title='bbox 594 4339 634 4387; x_wconf 74' lang='lat' dir='ltr'>vel</span> <span class='ocrx_word' id='word_1_330' title='bbox 654 4338 737 4404; x_wconf 86' lang='lat' dir='ltr'>potius</span> <span class='ocrx_word' id='word_1_331' title='bbox 755 4339 918 4397; x_wconf 89' lang='lat' dir='ltr'>bucoliasmo,</span> <span class='ocrx_word' id='word_1_332' title='bbox 939 4338 1105 4386; x_wconf 82' lang='lat' dir='ltr'>sustinuisse«.</span> <span class='ocrx_word' id='word_1_333' title='bbox 1129 4365 1160 4372; x_wconf 91' lang='lat'>—</span> 
     </span>
    </p>

    <p class='ocr_par' dir='ltr' id='par_1_6' title="bbox 350 4426 1654 4683">
     <span class='ocr_line' id='line_1_36' title="bbox 459 4426 1653 4498; baseline 0.002 -20"><span class='ocrx_word' id='word_1_334' title='bbox 459 4427 477 4498; x_wconf 88' lang='lat'>¹)</span> <span class='ocrx_word' id='word_1_335' title='bbox 500 4430 527 4478; x_wconf 88' lang='lat' dir='ltr'>C.</span> <span class='ocrx_word' id='word_1_336' title='bbox 548 4430 673 4495; x_wconf 82' lang='lat' dir='ltr'>Hartung.</span> <span class='ocrx_word' id='word_1_337' title='bbox 702 4430 826 4494; x_wconf 83' lang='lat' dir='ltr'>(Quaestt.</span> <span class='ocrx_word' id='word_1_338' title='bbox 847 4431 1021 4494; x_wconf 85' lang='lat' dir='ltr'>Moscheaep</span> <span class='ocrx_word' id='word_1_339' title='bbox 1050 4430 1085 4495; x_wconf 86' lang='lat'>5.)</span> <span class='ocrx_word' id='word_1_340' title='bbox 1115 4426 1290 4486; x_wconf 73' lang='lat' dir='ltr'>›Aa’oovrnuc</span> <span class='ocrx_word' id='word_1_341' title='bbox 1317 4427 1415 4487; x_wconf 70' lang='grc' dir='ltr'><em>ὀδύνας</em></span> <span class='ocrx_word' id='word_1_342' title='bbox 1441 4431 1510 4480; x_wconf 90' lang='lat' dir='ltr'>vertit</span> <span class='ocrx_word' id='word_1_343' title='bbox 1533 4447 1579 4480; x_wconf 81' lang='lat' dir='ltr'>»ex</span> <span class='ocrx_word' id='word_1_344' title='bbox 1600 4433 1653 4480; x_wconf 79' lang='lat' dir='ltr'>Au·</span> 
     </span>
     <span class='ocr_line' id='line_1_37' title="bbox 350 4521 1652 4573; baseline 0.002 -3"><span class='ocrx_word' id='word_1_345' title='bbox 350 4522 435 4571; x_wconf 72' lang='lat' dir='ltr'>sonia«</span> <span class='ocrx_word' id='word_1_346' title='bbox 459 4530 484 4571; x_wconf 87' lang='lat' dir='ltr'>et</span> <span class='ocrx_word' id='word_1_347' title='bbox 503 4521 637 4572; x_wconf 87' lang='lat' dir='ltr'>Moschum</span> <span class='ocrx_word' id='word_1_348' title='bbox 656 4538 713 4571; x_wconf 91' lang='lat' dir='ltr'>cum</span> <span class='ocrx_word' id='word_1_349' title='bbox 732 4523 780 4572; x_wconf 89' lang='lat' dir='ltr'>hoc</span> <span class='ocrx_word' id='word_1_350' title='bbox 799 4538 899 4572; x_wconf 88' lang='lat' dir='ltr'>carmen</span> <span class='ocrx_word' id='word_1_351' title='bbox 918 4522 1035 4571; x_wconf 90' lang='lat' dir='ltr'>scriberet</span> <span class='ocrx_word' id='word_1_352' title='bbox 1053 4523 1086 4571; x_wconf 92' lang='lat' dir='ltr'>ibi</span> <span class='ocrx_word' id='word_1_353' title='bbox 1105 4523 1231 4573; x_wconf 82' lang='lat' dir='ltr'>habitasse</span> <span class='ocrx_word' id='word_1_354' title='bbox 1258 4524 1378 4572; x_wconf 90' lang='lat' dir='ltr'>coniecit:</span> <span class='ocrx_word' id='word_1_355' title='bbox 1404 4523 1448 4573; x_wconf 87' lang='lat' dir='ltr'>sed</span> <span class='ocrx_word' id='word_1_356' title='bbox 1467 4523 1516 4570; x_wconf 92' lang='lat' dir='ltr'>hoc</span> <span class='ocrx_word' id='word_1_357' title='bbox 1535 4523 1588 4572; x_wconf 85' lang='lat' dir='ltr'>lieri</span> <span class='ocrx_word' id='word_1_358' title='bbox 1608 4539 1652 4572; x_wconf 90' lang='lat' dir='ltr'>ne·</span> 
     </span>
     <span class='ocr_line' id='line_1_38' title="bbox 350 4613 1654 4683; baseline 0.002 -20"><span class='ocrx_word' id='word_1_359' title='bbox 350 4615 412 4679; x_wconf 91' lang='lat' dir='ltr'>quit,</span> <span class='ocrx_word' id='word_1_360' title='bbox 431 4631 487 4665; x_wconf 88' lang='lat' dir='ltr'>cum</span> <span class='ocrx_word' id='word_1_361' title='bbox 508 4615 533 4664; x_wconf 92' lang='lat' dir='ltr'>iu</span> <span class='ocrx_word' id='word_1_362' title='bbox 552 4615 757 4665; x_wconf 87' lang='lat' dir='ltr'>antecedentibus</span> <span class='ocrx_word' id='word_1_363' title='bbox 777 4631 876 4682; x_wconf 87' lang='lat' dir='ltr'>semper</span> <span class='ocrx_word' id='word_1_364' title='bbox 894 4634 910 4680; x_wconf 92' lang='lat' dir='ltr'>p</span> <span class='ocrx_word' id='word_1_365' title='bbox 922 4633 960 4665; x_wconf 89' lang='lat' dir='ltr'>oe</span> <span class='ocrx_word' id='word_1_366' title='bbox 970 4627 980 4665; x_wconf 92' lang='lat' dir='ltr'>t</span> <span class='ocrx_word' id='word_1_367' title='bbox 990 4633 1004 4665; x_wconf 90' lang='lat' dir='ltr'>a</span> <span class='ocrx_word' id='word_1_368' title='bbox 1014 4633 1050 4666; x_wconf 90' lang='lat' dir='ltr'>ru</span> <span class='ocrx_word' id='word_1_369' title='bbox 1061 4633 1085 4666; x_wconf 92' lang='lat' dir='ltr'>m</span> <span class='ocrx_word' id='word_1_370' title='bbox 1113 4634 1130 4682; x_wconf 89' lang='lat' dir='ltr'>p</span> <span class='ocrx_word' id='word_1_371' title='bbox 1145 4616 1216 4666; x_wconf 90' lang='lat' dir='ltr'>atri</span> <span class='ocrx_word' id='word_1_372' title='bbox 1227 4633 1241 4665; x_wconf 86' lang='lat' dir='ltr'>a</span> <span class='ocrx_word' id='word_1_373' title='bbox 1268 4613 1405 4683; x_wconf 87' lang='lat' dir='ltr'>(Theocriti</span> <span class='ocrx_word' id='word_1_374' title='bbox 1422 4631 1523 4682; x_wconf 89' lang='lat' dir='ltr'>quoque</span> <span class='ocrx_word' id='word_1_375' title='bbox 1542 4615 1607 4678; x_wconf 88' lang='lat' dir='ltr'>Syr</span> <span class='ocrx_word' id='word_1_376' title='bbox 1618 4633 1633 4665; x_wconf 88' lang='lat' dir='ltr'>a</span> <span class='ocrx_word' id='word_1_377' title='bbox 1644 4645 1654 4654; x_wconf 92' lang='lat'>-</span> 
     </span>
    </p>
   </div>
   <div class='ocr_carea' id='block_1_4' title="bbox 350 4707 1653 4778">
    <p class='ocr_par' dir='ltr' id='par_1_7' title="bbox 350 4707 1653 4778">
     <span class='ocr_line' id='line_1_39' title="bbox 350 4707 1653 4778; baseline 0 -18"><span class='ocrx_word' id='word_1_378' title='bbox 350 4708 489 4778; x_wconf 83' lang='lat' dir='ltr'>cusani)</span> <span class='ocrx_word' id='word_1_379' title='bbox 517 4707 658 4758; x_wconf 89' lang='lat' dir='ltr'>nominetur</span> <span class='ocrx_word' id='word_1_380' title='bbox 676 4717 716 4769; x_wconf 92' lang='lat' dir='ltr'>et,</span> <span class='ocrx_word' id='word_1_381' title='bbox 745 4709 813 4774; x_wconf 93' lang='lat' dir='ltr'>quod</span> <span class='ocrx_word' id='word_1_382' title='bbox 835 4710 942 4759; x_wconf 89' lang='lat' dir='ltr'>maxime</span> <span class='ocrx_word' id='word_1_383' title='bbox 962 4711 1100 4776; x_wconf 87' lang='lat' dir='ltr'>urgendum</span> <span class='ocrx_word' id='word_1_384' title='bbox 1120 4719 1168 4769; x_wconf 90' lang='lat' dir='ltr'>est,</span> <span class='ocrx_word' id='word_1_385' title='bbox 1200 4719 1271 4758; x_wconf 90' lang='lat' dir='ltr'>autor</span> <span class='ocrx_word' id='word_1_386' title='bbox 1296 4710 1344 4758; x_wconf 82' lang='lat' dir='ltr'>boc</span> <span class='ocrx_word' id='word_1_387' title='bbox 1365 4709 1420 4757; x_wconf 89' lang='lat' dir='ltr'>loco</span> <span class='ocrx_word' id='word_1_388' title='bbox 1440 4707 1588 4773; x_wconf 84' lang='lat' dir='ltr'>gravissimo</span> <span class='ocrx_word' id='word_1_389' title='bbox 1608 4709 1653 4760; x_wconf 93' lang='lat' dir='ltr'>illo</span> 
     </span>
    </p>
   </div>
   <div class='ocr_carea' id='block_1_5' title="bbox 0 0 1754 5498">
    <p class='ocr_par' dir='ltr' id='par_1_8' title="bbox 0 0 1754 5498">
     <span class='ocr_line' id='line_1_40' title="bbox 0 0 1754 5498; baseline 0 0"><span class='ocrx_word' id='word_1_390' title='bbox 0 0 1754 5498; x_wconf 95' lang='lat' dir='ltr'> </span> 
     </span>
    </p>
   </div>
  </div>
 </body>
</html>
