3500 5498
735 524 858 588 ’47

737 600 950 608 -.--.

195 719 269 781 Hoc
295 721 382 781 idem
406 721 436 781 in
461 719 601 782 carmine
625 719 666 780 de
690 739 756 799 quo
781 723 908 803 agimus
934 711 1024 804 patet
1049 742 1306 804 persuasumque
1322 721 1379 785 tibi
1402 732 1490 785 certe

192 829 270 900 erit,
304 828 514 891 Theocritum
546 829 718 910 imaginem
745 834 910 914 quandam
935 832 1176 895 celeberrimam
1206 832 1430 912 descripsisse,
1462 833 1488 894 si

192 959 231 1000 ea
254 959 339 1020 quae
362 939 549 1020 Lessingius
573 939 614 1000 de
646 941 769 1003 ratione
801 961 883 1022 quae
907 943 1086 1004 intercedat
1109 942 1191 1004 inter
1214 947 1347 1022 poetam
1370 951 1402 1006 et
1427 943 1489 1025 pic·

194 1059 302 1112 torem
325 1050 462 1112 eandem
484 1069 551 1112 rem
576 1051 796 1113 describentes
819 1053 937 1115 doceat
961 1053 1159 1114 inanimum
1182 1054 1391 1121 revocaveris,

302 1159 404 1222 Recte
434 1170 544 1222 autem
574 1161 734 1222 Brunnius
766 1171 886 1236 monet,
920 1146 993 1225 cum
1026 1162 1153 1225 fabulae
1181 1183 1261 1245 quas
1291 1172 1491 1246 pertractent

194 1278 312 1352 poetae
337 1269 472 1332 bucolici
497 1271 594 1332 etiam
618 1291 636 1330 a
659 1272 838 1353 pictoribus
861 1273 1049 1352 aequalibus
1073 1273 1254 1353 descriptae
1276 1274 1489 1346 inveniantur,

194 1379 398 1442 manifestum
415 1400 485 1442 esse
509 1390 625 1462 poetas
643 1403 752 1444 earum
778 1385 953 1466 praecipue
977 1384 1154 1464 imaginum
1172 1403 1230 1456 res,
1257 1404 1339 1465 quae
1356 1391 1490 1466 propter

193 1491 378 1569 argumenti
413 1490 591 1551 novitatem
626 1489 694 1550 sive
719 1490 796 1551 artis
830 1493 1044 1571 praetantiam
1068 1493 1136 1554 sive
1159 1493 1235 1555 alias
1259 1513 1371 1556 causas
1395 1491 1489 1554 incla-

193 1601 331 1663 ruissent
354 1598 630 1680 popularibusque
652 1598 775 1678 largam
811 1601 1039 1664 confabulandi
1063 1604 1230 1666 materiam
1254 1604 1488 1685 praebuissent,

193 1709 388 1771 carminibus
411 1709 654 1792 descripsisse.¹)
699 1709 810 1790 Atque
832 1708 1007 1790 plurimum
1030 1714 1099 1775 sine
1121 1713 1222 1775 dubio
1245 1712 1393 1775 homines
1414 1712 1488 1774 Ale-

192 1820 339 1880 xandrini
364 1819 575 1901 disputabant
590 1829 623 1882 et
638 1819 928 1882 confabulabantur
952 1843 989 1883 ea
1012 1831 1120 1886 aetate
1136 1824 1178 1884 de
1201 1823 1296 1885 rebus
1312 1821 1486 1896 Bacchicis

192 1949 267 1992 curn
290 1949 346 1991 rex
370 1930 572 1992 Ptolemaeus
597 1929 823 2013 Philadelphus
851 1942 927 2012 post
958 1942 1129 2013 parentum
1158 1943 1298 1995 mortem
1330 1952 1488 2015 pompam

192 2040 386 2120 Bacchicam
409 2040 702 2123 splendidissimam
734 2040 820 2101 illam
844 2041 1000 2107 duxisset.
1046 2043 1129 2104 Earn
1160 2042 1235 2105 huic
1265 2063 1396 2125 quoque
1423 2061 1487 2104 car-

193 2150 270 2212 mini
295 2151 490 2213 Theocriteo
515 2171 565 2213 res
588 2152 848 2232 suppeditavisse
872 2153 1023 2231 equidem
1051 2155 1255 2220 coniecerim,
1302 2151 1488 2215 Conceden-

194 2261 271 2322 dum
287 2281 365 2323 sane
381 2271 430 2323 est
446 2261 654 2323 Athenaeum
671 2261 713 2341 (p.
737 2275 807 2340 197.
824 2282 850 2323 c.
869 2265 985 2343 seqq),
1004 2264 1059 2342 qui
1075 2281 1218 2344 pompae
1235 2263 1486 2344 descriptionem

192 2371 289 2432 nobis
311 2372 451 2444 tradidit,
478 2372 518 2434 de
533 2371 668 2433 Penthei
691 2371 800 2434 fabula
825 2372 1038 2436 nihil-afferre.
1081 2371 1147 2436 Sed
1172 2394 1222 2436 res
1237 2395 1277 2437 eo
1295 2371 1488 2455 explicanda

192 2490 251 2554 est,
277 2481 365 2562 quod
391 2480 584 2554 Callixenus,
618 2503 660 2543 ex
683 2483 773 2544 cuius
804 2481 910 2544 libello
942 2483 1017 2566 περὶ
1047 2477 1272 2567 Ἀλεξανδρείας
1295 2482 1486 2544 Athenaeus

191 2611 335 2673 pompae
360 2592 610 2672 descriptionem
635 2593 762 2675 petivit,
787 2612 826 2654 ea
842 2593 1070 2655 tantummodo
1087 2593 1264 2675 descripsit,
1289 2613 1374 2675 quae
1390 2611 1487 2654 auro

190 2701 240 2764 vel
265 2711 447 2782 argento
472 2704 515 2764 ei
521 2703 623 2765 licta
646 2712 826 2765 memoratu
843 2703 942 2782 digna
966 2723 1037 2765 esse
1054 2703 1114 2782 ipsi
1130 2704 1358 2786 videbantur.²)
1404 2677 1487 2765 Earn

191 2813 288 2892 igitur
312 2811 356 2874 ob
380 2832 508 2874 causam
534 2811 716 2876 Callixenus
740 2814 935 2893 imaginis
967 2814 1047 2875 illius
1072 2814 1269 2876 mentionem
1303 2832 1367 2875 non
1401 2812 1485 2875 lecit.

190 2923 324 2984 Penthei
357 2932 466 2985 autem
497 2923 638 2986 fabulam
666 2924 821 2985 omissam
852 2942 917 2986 non
947 2945 1017 2986 esse
1046 2923 1137 2986 facile
1169 2923 1373 3004 intellegitur,
1398 2923 1487 3003 quod

191 3053 240 3094 ex
264 3033 548 3096 nobilissimis
570 3033 792 3096 Bacchicis
816 3043 881 3096 est
903 3043 936 3096 et
966 3055 1091 3118 pompa
1118 3033 1306 3099 οἰκείαν...
1329 3042 1390 3116 τῆς
1413 3034 1487 3116 περὶ

189 3137 340 3207 ἑκάστων
367 3139 479 3207 αὐτῶν
506 3145 664 3227 (deorum)
697 3142 894 3228 locuplete
924 3144 1096 3228 διασκευήν
1118 3144 1306 3226 praebebat.
1354 3143 1486 3206 Monen-

190 3254 268 3316 dum
292 3262 402 3314 autem
428 3254 554 3316 videtur
578 3255 655 3316 mihi
679 3273 836 3337 pompam
861 3256 946 3318 illam
970 3255 1068 3318 luisse
1083 3255 1231 3316 omnium
1253 3254 1397 3327 deorum,
1422 3273 1486 3316 non

189 3363 287 3425 solius
320 3362 447 3436 Bacchi,
480 3365 568 3445 quod
599 3365 731 3445 quidem
761 3386 827 3427 non
857 3367 935 3428 satis
967 3367 1045 3427 ursit
1073 3364 1193 3446 Kamp.
1219 3364 1237 3426 l.
1262 3363 1282 3428 l.
1329 3364 1377 3425 Ita
1400 3364 1485 3426 enim

188 3473 285 3534 relert
309 3472 498 3535 Athenaeus
522 3473 538 3538 l.
554 3474 579 3537 l:
603 3472 719 3558 πρώτη
741 3469 768 3538 d'
783 3472 928 3558 ἐβάδιζεν
951 3471 1111 3559 (quarrati)
1133 3467 1333 3556 Ἑωσφόρου·
1349 3473 1404 3536 καὶ
1421 3470 1484 3557 γὰρ

189 3579 294 3666 ἀρχὴν
316 3576 399 3664 εἶχεν
421 3577 441 3666 ἡ
462 3583 576 3668 πομπὴ
599 3580 679 3647 καθ’
701 3580 741 3648 ὃν
763 3579 782 3646 ὁ
804 3585 1034 3670 προειρημένος
1056 3582 1160 3668 ἀστὴρ
1183 3584 1333 3664 φαίνεται
1353 3581 1484 3666 χρόνον.

187 3687 298 3755 ἔπειθ’
323 3686 343 3774 ἡ
364 3704 432 3766 τοῖς
454 3697 523 3756 τῶν
544 3693 705 3773 βασιλέων
728 3703 855 3776 γονεῦσι
885 3693 1169 3778 κατωνομασμένη.
1201 3690 1283 3776 μετὰ
1306 3691 1339 3756 δὲ
1362 3692 1486 3767 ταύτας

188 3799 228 3866 αἱ
251 3809 337 3866 τῶν
358 3805 472 3865 θεῶν
494 3797 718 3881 ἁπάντων,
742 3802 864 3867 οἰκείαν
887 3801 1015 3887 ἔχουσαι
1039 3807 1098 3890 τῆς
1120 3804 1195 3887 περὶ
1210 3798 1360 3866 ἑκάστων
1375 3798 1487 3867 αὐτῶν

186 3910 332 3996 ἱστορίας
354 3911 534 3995 διασκευήν.
559 3913 621 3997 τὴν
643 3914 677 3978 δὲ
704 3915 896 3978 τελευταίαν
917 3910 1070 3998 Ἑσπέρου
1102 3913 1289 3993 συνέβαινεν
1311 3907 1402 3990 εἶναι,
1426 3915 1485 3998 τῆς

402 4083 454 4092 -η

298 4168 315 4233 ¹)
337 4171 428 4221 Rrunn.
449 4171 467 4221 l.
482 4167 499 4218 l.
516 4187 541 4236 p.
560 4184 601 4233 19:
626 4173 723 4222 »Wenn
742 4174 785 4222 wir
803 4190 855 4224 nun
875 4174 916 4222 die
935 4172 1101 4221 behandelten
1116 4171 1220 4235 Mythen
1239 4171 1330 4235 gerade
1349 4171 1374 4218 in
1390 4171 1484 4220 Kunst·

187 4264 374 4327 damtellungen
400 4263 593 4325 uiederfinden,
619 4264 658 4313 die
682 4265 735 4314 sich
760 4266 883 4330 ungeidhr
912 4264 957 4314 auf
980 4265 1020 4312 die
1039 4265 1092 4313 Zeit
1119 4264 1162 4313 der
1180 4264 1283 4313 Dichter
1302 4263 1482 4312 zurliclrlilhren

186 4340 276 4417 lamen,
297 4372 325 4404 so
343 4356 452 4405 leuchtet
471 4353 519 4416 ein,
539 4356 597 4404 dass
616 4357 657 4406 die
675 4357 791 4407 letzteren
810 4358 862 4406 ihre
881 4358 1020 4422 Anregung
1037 4356 1078 4405 bei
1097 4357 1206 4405 Werlren
1225 4355 1327 4416 holten,
1352 4355 1393 4404 die
1412 4362 1484 4404 unter

186 4449 256 4496 ihren
276 4448 375 4512 Augen,
396 4449 420 4496 in
439 4449 504 4497 ihrer
519 4447 593 4497 Naue
611 4447 768 4509 ent'standen,
788 4450 845 4498 die
864 4451 930 4499 den
959 4448 1045 4498 Reiz
1073 4449 1136 4499 der
1162 4447 1325 4497 Neuheit
1349 4449 1481 4498 hatten

187 4541 257 4588 und
283 4541 347 4589 das
372 4539 689 4604 Tagesinteresse
716 4542 777 4590 des
803 4543 1019 4591 Publicums
1050 4542 1248 4590 bildetene.
1268 4539 1301 4589 cf.
1320 4540 1378 4588 ibid.
1395 4557 1420 4606 p.
1438 4552 1478 4597 ro,

295 4629 315 4698 ’ἢ
336 4630 375 4680 Cf.
400 4631 453 4694 Jos.
478 4625 574 4696 Kamp:
605 4633 644 4681 De
668 4633 804 4682 Ptolemaei
830 4634 991 4700 Philadelphi
1021 4650 1115 4700 pompa
1143 4632 1267 4682 Bacchica
1295 4632 1328 4683 D.
1357 4633 1369 4680 1
1399 4633 1479 4685 Bonu.

191 4723 266 4785 1864.
286 4742 312 4794 p,
331 4736 357 4784 4.
