3500 5498
702 577 915 586 -—---—--.-.-

162 694 233 756 criti
257 695 449 778 Moschique
480 696 597 760 servati
628 697 722 760 nobis
751 708 840 763 sunt:
877 700 1010 764 omnino
1037 696 1187 779 leguntur
1211 699 1252 760 ad
1270 714 1365 777 3204,
1391 719 1463 779 ego

163 806 327 869 ‚Moschie
354 809 430 890 epit.
448 809 539 874 Bion.
566 817 688 872 etcum
710 809 871 876 Meinekio
887 810 1024 872 Theocr.
1049 809 1117 876 idd.
1132 806 1216 873 XIX.
1234 809 1304 874 XX.
1322 808 1451 871 XXVII.

158 917 289 998 (omitto
305 919 552 1002 epigrammata)
575 920 606 980 in
623 919 801 982 subditiciis
818 920 981 994 collocavi,
1007 921 1050 983 ita
1068 929 1102 981 ut
1119 933 1178 998 295
1185 937 1201 999 3
1226 940 1335 981 versus
1350 919 1455 983 Theo·

160 1028 278 1090 criteos
295 1028 534 1111 Moscheosque
551 1031 730 1104 retinerem,
751 1050 848 1112 quem
867 1041 1039 1113 utrumque
1055 1049 1223 1092 numerum
1241 1031 1329 1112 (nam
1346 1049 1455 1109 quam-

160 1159 261 1220 quam
285 1139 436 1204 nonnulla
460 1143 604 1203 carmina
627 1139 772 1203 mutilata
794 1143 945 1205 videntur
966 1162 1037 1204 esse
1061 1150 1170 1204 tamen
1186 1161 1252 1201 non
1275 1149 1342 1201 tam
1365 1139 1456 1203 multi

158 1270 271 1313 versus
301 1251 548 1324 interciderunt,
580 1271 654 1312 cum
679 1271 791 1313 eorum
814 1253 1009 1326 carminum,
1041 1272 1126 1333 quae
1157 1250 1226 1313 coll.
1254 1248 1344 1312 Suid.
1369 1250 1452 1313 inter

160 1360 336 1424 Theocrita
359 1361 599 1434 desiderantur,
637 1381 710 1444 pars
734 1361 765 1424 in
794 1362 992 1425 »Moscheis‹
1019 1363 1145 1442 legatur
1169 1371 1202 1424 et
1225 1361 1349 1444 reliqua
1372 1381 1456 1442 quae

159 1471 325 1551 perierunt
340 1491 493 1552 magnum
510 1472 670 1534 ambitum
687 1471 839 1534 habuisse
855 1493 920 1534 non
936 1472 1112 1535 videantur.
1150 1469 1197 1537 Cf.
1213 1472 1310 1533 etiam
1323 1471 1455 1536 Hauler.

157 1581 178 1646 l.
191 1579 211 1642 l.
229 1605 259 1665 p,
279 1598 315 1661 31
336 1603 427 1666 seqq.
456 1615 489 1629 »-
515 1583 683 1664 Respicias
702 1603 825 1666 quaeso
841 1583 985 1662 inprimis
1002 1602 1076 1644 eum
1092 1599 1260 1645 numerum
1277 1600 1376 1665 quem
1392 1598 1456 1660 ego

158 1712 234 1754 cum
258 1691 419 1754 Meinekio
442 1693 537 1756 statui
556 1695 575 1776 l)
599 1693 683 1756 bene
707 1693 865 1777 quadrare
888 1693 980 1754 vides
1004 1693 1046 1754 ad
1067 1692 1201 1754 Mariani
1226 1690 1456 1771 metaphrasim

159 1803 263 1884 (3150
286 1804 372 1883 uss),
398 1822 497 1886 quam
520 1803 700 1866 breviorem
725 1801 822 1866 fuisse
844 1812 930 1866 recte
955 1802 1115 1866 Haulerus
1139 1803 1264 1885 scripsit
1278 1799 1311 1884 ¹).

267 1913 376 1974 Etiam
400 1911 563 1975 Stobaeus
586 1911 622 1976 ἐκ
640 1920 709 1977 τῶν
732 1911 865 1997 Μόσχου
886 1915 1156 1992 βουκολικῶι·
1180 1912 1272 1974 affert
1294 1911 1455 1976 carmina:

157 2041 359 2104 quamquam
383 2042 423 2084 ne
446 2041 545 2086 unum
568 2023 700 2104 quidem
731 2032 780 2086 est
809 2022 1010 2099 bucolicum;
1048 2031 1175 2085 tantum
1208 2023 1293 2084 enim
1321 2003 1458 2101 'semper

156 2131 258 2196 valuit
279 2131 444 2195 Theocriti
468 2132 594 2196 Moschi
617 2133 808 2206 auctoritaS,
842 2143 876 2196 ut
899 2133 996 2196 etiam
1021 2133 1063 2208 is,
1094 2133 1147 2211 qui
1170 2132 1234 2195 hoc
1258 2131 1454 2212 cognomine

156 2241 383 2326 appellaretur,
409 2252 495 2306 esset
518 2252 646 2325 poeta
668 2243 900 2306 bucolicus.

266 2352 384 2415 Suidas
407 2363 517 2416 autem
541 2363 654 2416 censet
677 2354 825 2418 bucolica
840 2354 1068 2417 tantummodo
1085 2373 1158 2414 esse
1176 2351 1359 2416 Theocriti:
1377 2351 1456 2414 alios

156 2462 219 2525 alia
241 2463 283 2528 ad
308 2483 382 2525 eum
406 2463 534 2530 referre.
582 2462 773 2543 Designavit
795 2472 883 2526 certe
913 2461 1136 2524 bucolicorum
1168 2481 1328 2526 canonem
1360 2461 1456 2524 Alex·
1532 2497 1535 2504 =

155 2573 337 2648 andrinum,
362 2574 403 2638 de
427 2594 492 2654 quo
514 2594 613 2656 supra
636 2574 771 2652 egimus.
820 2572 999 2653 Vulgarem
1022 2592 1099 2634 vero
1117 2573 1304 2654 opinionem
1328 2581 1459 2636 secutus

157 2686 227 2768 ipse
251 2705 382 2768 quoque
405 2684 615 2746 Theocritum
638 2683 788 2764 primum,
813 2683 984 2754 Moschum
1008 2684 1187 2745 secundum
1211 2692 1345 2763 poetam
1359 2683 1455 2746 buco-

156 2795 254 2858 licum
289 2794 387 2858 fuisse
419 2795 539 2858 statuit.
594 2794 692 2858 Vitae
722 2802 831 2858 autem
864 2793 1088 2867 Theocriteae,
1125 2813 1224 2874 quarn
1255 2794 1393 2874 legimus
1427 2795 1459 2856 in

156 2905 317 2988 prolegg.,
343 2913 455 2966 auctor
471 2906 538 2968 sive
562 2905 596 2979 is,
620 2924 661 2966 ex
691 2906 780 2968 cuius
812 2904 894 2969 libro
918 2904 1033 2967 hausta
1057 2913 1114 2978 est,
1147 2925 1181 2967 re
1213 2914 1362 2968 accurate
1385 2925 1453 2988 per-

126 3017 140 3028 ‘
156 3036 261 3099 pensa
284 3013 416 3098 Μόσχος
440 3035 512 3078 esse
535 3015 701 3080 Theocriti
725 3035 911 3100 cognomen
935 3023 1023 3077 recte
1046 3014 1211 3080 intellexit.

266 3125 358 3188 Haec
374 3134 423 3188 est
439 3145 512 3189 mea
535 3127 575 3190 de
603 3126 777 3189 ›Moscho‹
805 3126 1004 3188 coniectura:
1030 3125 1249 3187 coniecturam
1273 3125 1356 3199 dico,
1382 3145 1459 3188 cum

157 3236 237 3298 talia
267 3236 309 3298 ab
341 3237 492 3299 omnibus
522 3237 667 3319 partibus
698 3235 880 3298 confirmari
919 3254 1086 3318 nunquam
1116 3235 1250 3317 possint.
1314 3233 1349 3298 Si
1381 3236 1457 3318 quid

156 3347 225 3409 veri
250 3345 497 3427 investigavero,
531 3347 620 3432 quod
653 3347 874 3410 diiudicabunt
903 3346 922 3408 ii
951 3365 1053 3427 penes
1086 3365 1168 3428 quos
1199 3354 1249 3408 est
1277 3344 1458 3420 arbitrium,

156 3457 209 3519 vel
233 3457 374 3518 maxime
397 3457 560 3536 gaudebo,
592 3453 666 3522 οὐδὲ
694 3453 757 3540 γὰρ
781 3449 858 3520 ἄνευ
890 3461 1034 3539 σμικρῶν
1067 3452 1146 3528 τοὺς
1173 3452 1334 3539 μεγάλους
1357 3455 1458 3535 φασὶν

157 3564 188 3630 οἱ
213 3563 381 3648 λιθολόγοι
404 3568 520 3642 λίθους
542 3555 578 3632 εὖ
600 3572 739 3632 κεῖσθαι.
765 3565 854 3650 (Plat.
880 3566 965 3648 legg.
997 3582 1044 3631 10.
1069 3585 1103 3646 p.
1127 3580 1203 3644 902.
1228 3565 1282 3646 d).

785 3842 823 3914 ΙΙ.

315 4017 399 4124 De
437 4017 642 4156 singulis
682 4015 949 4126 Theocriti
988 4015 1299 4123 carminibus

571 4235 598 4310 1.
654 4237 713 4310 ue
739 4235 880 4332 idyllia
906 4235 1045 4312 xxvi.

269 4413 476 4477 Accedamus
498 4433 581 4477 nunc
605 4415 648 4476 ad
670 4412 835 4476 Theocriti
859 4411 1005 4494 idyllium
1020 4411 1136 4476 XXVI.
1164 4412 1196 4474 in
1217 4411 1336 4476 Bacchi
1359 4411 1461 4475 hono·

160 4545 230 4588 rem
266 4525 495 4606 conscriptum.
555 4523 653 4587 Cuius
698 4523 847 4586 carminis
889 4522 1030 4586 satorum
1068 4533 1282 4606 conspectum
1325 4522 1461 4604 praebet

275 4701 292 4771 Ι)
313 4703 350 4753 Ex
369 4704 417 4753 hac
435 4703 509 4771 igitur
527 4703 622 4754 ratione
640 4703 765 4772 perierunt
784 4702 817 4752 ad
836 4715 888 4754 200
906 4719 990 4757 versus
1008 4702 1135 4756 Theocriti
1160 4702 1302 4760 »Moschi«.
