<?xml version="1.0" encoding="UTF-8"?>
<!DOCTYPE html PUBLIC "-//W3C//DTD XHTML 1.0 Transitional//EN"
    "http://www.w3.org/TR/xhtml1/DTD/xhtml1-transitional.dtd">
<html xmlns="http://www.w3.org/1999/xhtml" xml:lang="en" lang="en">
 <head>
  <title>
</title>
<meta http-equiv="Content-Type" content="text/html;charset=utf-8" />
  <meta name='ocr-system' content='tesseract 3.04.00' />
  <meta name='ocr-capabilities' content='ocr_page ocr_carea ocr_par ocr_line ocrx_word'/>
</head>
<body>
  <div class='ocr_page' id='page_1' title='image "./quaestionestheo00hempgoog_0082.png"; bbox 0 0 3500 5498; ppageno 0'>
   <div class='ocr_carea' id='block_1_1' title="bbox 784 509 825 573">
    <p class='ocr_par' dir='ltr' id='par_1_1' title="bbox 784 509 825 573">
     <span class='ocr_line' id='line_1_1' title="bbox 784 509 825 573; baseline 0 0"><span class='ocrx_word' id='word_1_1' title='bbox 784 509 825 573; x_wconf 88' lang='grc'>79</span> 
     </span>
    </p>
   </div>
   <div class='ocr_carea' id='block_1_2' title="bbox 698 585 910 594">
    <p class='ocr_par' dir='ltr' id='par_1_2' title="bbox 698 585 910 594">
     <span class='ocr_line' id='line_1_2' title="bbox 698 585 910 594; baseline 0.009 -2"><span class='ocrx_word' id='word_1_2' title='bbox 698 585 806 592; x_wconf 67' lang='lat'>----</span> <span class='ocrx_word' id='word_1_3' title='bbox 816 586 910 594; x_wconf 57' lang='grc' dir='ltr'>..ψ-</span> 
     </span>
    </p>
   </div>
   <div class='ocr_carea' id='block_1_3' title="bbox 25 705 1451 4314">
    <p class='ocr_par' dir='ltr' id='par_1_3' title="bbox 25 705 1451 1121">
     <span class='ocr_line' id='line_1_3' title="bbox 25 705 1450 790; baseline 0.001 -24"><span class='ocrx_word' id='word_1_4' title='bbox 25 718 32 766; x_wconf 76' lang='grc' dir='ltr'><em>ἰ</em></span> <span class='ocrx_word' id='word_1_5' title='bbox 156 707 255 790; x_wconf 60' lang='lat'>307).</span> <span class='ocrx_word' id='word_1_6' title='bbox 311 708 393 771; x_wconf 89' lang='lat' dir='ltr'>Nam</span> <span class='ocrx_word' id='word_1_7' title='bbox 430 707 629 790; x_wconf 89' lang='lat' dir='ltr'>Droysenius</span> <span class='ocrx_word' id='word_1_8' title='bbox 665 709 733 790; x_wconf 90' lang='lat' dir='ltr'>ipse</span> <span class='ocrx_word' id='word_1_9' title='bbox 769 709 872 771; x_wconf 89' lang='lat' dir='ltr'>multo</span> <span class='ocrx_word' id='word_1_10' title='bbox 907 717 982 772; x_wconf 90' lang='lat' dir='ltr'>ante</span> <span class='ocrx_word' id='word_1_11' title='bbox 1015 707 1136 774; x_wconf 87' lang='lat' dir='ltr'>bellum</span> <span class='ocrx_word' id='word_1_12' title='bbox 1172 705 1450 770; x_wconf 87' lang='lat' dir='ltr'>Chremonideum</span> 
     </span>
     <span class='ocr_line' id='line_1_4' title="bbox 152 818 1448 901; baseline 0.001 -23"><span class='ocrx_word' id='word_1_13' title='bbox 152 819 400 901; x_wconf 85' lang='lat' dir='ltr'>Philadelphum</span> <span class='ocrx_word' id='word_1_14' title='bbox 425 820 456 880; x_wconf 91' lang='lat' dir='ltr'>in</span> <span class='ocrx_word' id='word_1_15' title='bbox 481 839 534 881; x_wconf 89' lang='lat' dir='ltr'>eas</span> <span class='ocrx_word' id='word_1_16' title='bbox 558 821 707 900; x_wconf 80' lang='lat' dir='ltr'><strong>regiones</strong></span> <span class='ocrx_word' id='word_1_17' title='bbox 731 819 930 883; x_wconf 70' lang='lat' dir='ltr'>incursiones</span> <span class='ocrx_word' id='word_1_18' title='bbox 961 818 1073 880; x_wconf 89' lang='lat' dir='ltr'>lecisse</span> <span class='ocrx_word' id='word_1_19' title='bbox 1097 818 1267 880; x_wconf 88' lang='lat' dir='ltr'>verisimile</span> <span class='ocrx_word' id='word_1_20' title='bbox 1291 838 1362 879; x_wconf 90' lang='lat' dir='ltr'>esse</span> <span class='ocrx_word' id='word_1_21' title='bbox 1386 827 1448 879; x_wconf 91' lang='lat' dir='ltr'>sta-</span> 
     </span>
     <span class='ocr_line' id='line_1_5' title="bbox 153 926 1451 1013; baseline 0 -23"><span class='ocrx_word' id='word_1_22' title='bbox 153 930 229 994; x_wconf 88' lang='lat' dir='ltr'><strong>tuit:</strong></span> <span class='ocrx_word' id='word_1_23' title='bbox 253 940 363 1011; x_wconf 88' lang='lat' dir='ltr'>partes</span> <span class='ocrx_word' id='word_1_24' title='bbox 394 930 491 1008; x_wconf 86' lang='lat' dir='ltr'>igitur</span> <span class='ocrx_word' id='word_1_25' title='bbox 522 948 632 992; x_wconf 89' lang='lat' dir='ltr'>earum</span> <span class='ocrx_word' id='word_1_26' title='bbox 657 930 826 1011; x_wconf 85' lang='lat' dir='ltr'>regionum</span> <span class='ocrx_word' id='word_1_27' title='bbox 846 926 1098 1013; x_wconf 80' lang='grc' dir='ltr'><em>(άποιέμνετοι),</em></span> <span class='ocrx_word' id='word_1_28' title='bbox 1123 929 1213 1008; x_wconf 90' lang='lat' dir='ltr'>quod</span> <span class='ocrx_word' id='word_1_29' title='bbox 1242 929 1319 990; x_wconf 92' lang='lat' dir='ltr'>dicit</span> <span class='ocrx_word' id='word_1_30' title='bbox 1352 939 1451 1011; x_wconf 88' lang='lat' dir='ltr'>poeta</span> 
     </span>
     <span class='ocr_line' id='line_1_6' title="bbox 152 1036 1240 1121; baseline 0.003 -21"><span class='ocrx_word' id='word_1_31' title='bbox 152 1039 274 1100; x_wconf 86' lang='lat' dir='ltr'>aulicus</span> <span class='ocrx_word' id='word_1_32' title='bbox 297 1050 329 1102; x_wconf 90' lang='lat' dir='ltr'>et</span> <span class='ocrx_word' id='word_1_33' title='bbox 353 1039 528 1112; x_wconf 71' lang='lat' dir='ltr'>blandiens</span> <span class='ocrx_word' id='word_1_34' title='bbox 553 1039 754 1121; x_wconf 85' lang='lat' dir='ltr'>Philadelphi</span> <span class='ocrx_word' id='word_1_35' title='bbox 778 1050 847 1102; x_wconf 89' lang='lat' dir='ltr'>tum</span> <span class='ocrx_word' id='word_1_36' title='bbox 870 1050 957 1102; x_wconf 90' lang='lat' dir='ltr'>certe</span> <span class='ocrx_word' id='word_1_37' title='bbox 978 1041 1042 1102; x_wconf 85' lang='lat' dir='ltr'>iarn</span> <span class='ocrx_word' id='word_1_38' title='bbox 1067 1039 1192 1102; x_wconf 87' lang='lat' dir='ltr'>fuerant</span> <span class='ocrx_word' id='word_1_39' title='bbox 1207 1036 1240 1120; x_wconf 88' lang='lat'>¹).</span> 
     </span>
    </p>

    <p class='ocr_par' dir='ltr' id='par_1_4' title="bbox 145 1139 1446 2443">
     <span class='ocr_line' id='line_1_7' title="bbox 259 1139 1444 1233; baseline -0.001 -21"><span class='ocrx_word' id='word_1_40' title='bbox 259 1153 299 1231; x_wconf 88' lang='lat' dir='ltr'>c.)</span> <span class='ocrx_word' id='word_1_41' title='bbox 322 1150 641 1231; x_wconf 69' lang='lat' dir='ltr'>libyae-quoque</span> <span class='ocrx_word' id='word_1_42' title='bbox 672 1159 796 1231; x_wconf 89' lang='lat' dir='ltr'>partem</span> <span class='ocrx_word' id='word_1_43' title='bbox 830 1151 974 1232; x_wconf 88' lang='lat' dir='ltr'>Aegypti</span> <span class='ocrx_word' id='word_1_44' title='bbox 1007 1159 1077 1212; x_wconf 91' lang='lat' dir='ltr'>tum</span> <span class='ocrx_word' id='word_1_45' title='bbox 1114 1151 1313 1233; x_wconf 90' lang='lat' dir='ltr'>provinciam</span> <span class='ocrx_word' id='word_1_46' title='bbox 1349 1139 1444 1210; x_wconf 84' lang='lat' dir='ltr'>luisse</span> 
     </span>
     <span class='ocr_line' id='line_1_8' title="bbox 150 1240 1444 1342; baseline -0.001 -22"><span class='ocrx_word' id='word_1_47' title='bbox 150 1259 247 1322; x_wconf 91' lang='lat' dir='ltr'>docet</span> <span class='ocrx_word' id='word_1_48' title='bbox 270 1259 470 1321; x_wconf 80' lang='lat' dir='ltr'>Theocritus,</span> <span class='ocrx_word' id='word_1_49' title='bbox 511 1259 561 1321; x_wconf 86' lang='lat' dir='ltr'>Eo</span> <span class='ocrx_word' id='word_1_50' title='bbox 585 1240 716 1341; x_wconf 81' lang='lat' dir='ltr'>quidem</span> <span class='ocrx_word' id='word_1_51' title='bbox 741 1261 871 1322; x_wconf 86' lang='lat' dir='ltr'>nomine</span> <span class='ocrx_word' id='word_1_52' title='bbox 896 1260 1026 1342; x_wconf 86' lang='lat' dir='ltr'>proprie</span> <span class='ocrx_word' id='word_1_53' title='bbox 1051 1260 1218 1338; x_wconf 82' lang='lat' dir='ltr'>regionem</span> <span class='ocrx_word' id='word_1_54' title='bbox 1244 1259 1326 1320; x_wconf 89' lang='lat' dir='ltr'>inter</span> <span class='ocrx_word' id='word_1_55' title='bbox 1348 1258 1444 1339; x_wconf 87' lang='lat' dir='ltr'>Cyre·</span> 
     </span>
     <span class='ocr_line' id='line_1_9' title="bbox 150 1369 1446 1452; baseline 0 -22"><span class='ocrx_word' id='word_1_56' title='bbox 150 1389 225 1431; x_wconf 86' lang='lat' dir='ltr'>nam</span> <span class='ocrx_word' id='word_1_57' title='bbox 249 1379 282 1432; x_wconf 89' lang='lat' dir='ltr'>et</span> <span class='ocrx_word' id='word_1_58' title='bbox 304 1371 494 1452; x_wconf 84' lang='lat' dir='ltr'>Aegyptum</span> <span class='ocrx_word' id='word_1_59' title='bbox 519 1371 614 1432; x_wconf 83' lang='lat' dir='ltr'>sitam</span> <span class='ocrx_word' id='word_1_60' title='bbox 637 1370 798 1450; x_wconf 85' lang='lat' dir='ltr'>designari</span> <span class='ocrx_word' id='word_1_61' title='bbox 826 1381 912 1432; x_wconf 92' lang='lat' dir='ltr'>recte</span> <span class='ocrx_word' id='word_1_62' title='bbox 936 1371 1104 1432; x_wconf 81' lang='lat' dir='ltr'>adnotavit</span> <span class='ocrx_word' id='word_1_63' title='bbox 1128 1369 1338 1450; x_wconf 87' lang='lat' dir='ltr'>Droysenius.</span> <span class='ocrx_word' id='word_1_64' title='bbox 1388 1370 1446 1430; x_wconf 86' lang='lat' dir='ltr'>At·</span> 
     </span>
     <span class='ocr_line' id='line_1_10' title="bbox 150 1478 1445 1563; baseline -0.002 -21"><span class='ocrx_word' id='word_1_65' title='bbox 150 1501 214 1560; x_wconf 86' lang='lat' dir='ltr'>que</span> <span class='ocrx_word' id='word_1_66' title='bbox 246 1501 319 1542; x_wconf 90' lang='lat' dir='ltr'>cum</span> <span class='ocrx_word' id='word_1_67' title='bbox 350 1501 389 1542; x_wconf 89' lang='lat' dir='ltr'>ea</span> <span class='ocrx_word' id='word_1_68' title='bbox 419 1480 584 1561; x_wconf 87' lang='lat' dir='ltr'>provincia</span> <span class='ocrx_word' id='word_1_69' title='bbox 614 1500 744 1563; x_wconf 82' lang='lat' dir='ltr'>semper</span> <span class='ocrx_word' id='word_1_70' title='bbox 777 1478 871 1542; x_wconf 85' lang='lat' dir='ltr'>suerit</span> <span class='ocrx_word' id='word_1_71' title='bbox 902 1479 1114 1562; x_wconf 85' lang='lat' dir='ltr'>Philadelphi,</span> <span class='ocrx_word' id='word_1_72' title='bbox 1147 1480 1213 1542; x_wconf 91' lang='lat' dir='ltr'>iure</span> <span class='ocrx_word' id='word_1_73' title='bbox 1238 1478 1269 1540; x_wconf 90' lang='lat' dir='ltr'>in</span> <span class='ocrx_word' id='word_1_74' title='bbox 1293 1478 1445 1558; x_wconf 86' lang='lat' dir='ltr'>catalogo</span> 
     </span>
     <span class='ocr_line' id='line_1_11' title="bbox 148 1587 1443 1672; baseline 0 -22"><span class='ocrx_word' id='word_1_75' title='bbox 148 1599 264 1651; x_wconf 88' lang='lat' dir='ltr'>exstat.</span> <span class='ocrx_word' id='word_1_76' title='bbox 314 1589 348 1652; x_wconf 86' lang='lat' dir='ltr'>Si</span> <span class='ocrx_word' id='word_1_77' title='bbox 380 1611 457 1652; x_wconf 90' lang='lat' dir='ltr'>vero</span> <span class='ocrx_word' id='word_1_78' title='bbox 480 1589 672 1652; x_wconf 88' lang='lat' dir='ltr'>Theocritus</span> <span class='ocrx_word' id='word_1_79' title='bbox 703 1590 785 1652; x_wconf 89' lang='lat' dir='ltr'>sicut</span> <span class='ocrx_word' id='word_1_80' title='bbox 809 1589 1022 1653; x_wconf 87' lang='lat' dir='ltr'>Callimachus</span> <span class='ocrx_word' id='word_1_81' title='bbox 1055 1590 1175 1672; x_wconf 89' lang='lat' dir='ltr'>(hymn.</span> <span class='ocrx_word' id='word_1_82' title='bbox 1207 1589 1239 1652; x_wconf 87' lang='lat' dir='ltr'>in</span> <span class='ocrx_word' id='word_1_83' title='bbox 1264 1587 1371 1670; x_wconf 90' lang='lat' dir='ltr'>Apoll.</span> <span class='ocrx_word' id='word_1_84' title='bbox 1399 1609 1443 1650; x_wconf 92' lang='lat' dir='ltr'>vs.</span> 
     </span>
     <span class='ocr_line' id='line_1_12' title="bbox 147 1697 1445 1782; baseline 0 -22"><span class='ocrx_word' id='word_1_85' title='bbox 147 1700 215 1782; x_wconf 71' lang='lat'>66.)</span> <span class='ocrx_word' id='word_1_86' title='bbox 246 1699 311 1762; x_wconf 90' lang='lat' dir='ltr'>hoc</span> <span class='ocrx_word' id='word_1_87' title='bbox 342 1701 471 1761; x_wconf 90' lang='lat' dir='ltr'>nomine</span> <span class='ocrx_word' id='word_1_88' title='bbox 499 1697 660 1781; x_wconf 89' lang='lat' dir='ltr'>Cyrenam</span> <span class='ocrx_word' id='word_1_89' title='bbox 693 1721 824 1782; x_wconf 90' lang='lat' dir='ltr'>quoque</span> <span class='ocrx_word' id='word_1_90' title='bbox 855 1701 1053 1781; x_wconf 83' lang='lat' dir='ltr'>designavit.</span> <span class='ocrx_word' id='word_1_91' title='bbox 1091 1721 1141 1761; x_wconf 90' lang='lat' dir='ltr'>res</span> <span class='ocrx_word' id='word_1_92' title='bbox 1171 1719 1211 1760; x_wconf 91' lang='lat' dir='ltr'>eo</span> <span class='ocrx_word' id='word_1_93' title='bbox 1242 1699 1445 1778; x_wconf 84' lang='lat' dir='ltr'>explananda</span> 
     </span>
     <span class='ocr_line' id='line_1_13' title="bbox 147 1809 1446 1892; baseline 0 -22"><span class='ocrx_word' id='word_1_94' title='bbox 147 1818 216 1886; x_wconf 86' lang='lat' dir='ltr'>est,</span> <span class='ocrx_word' id='word_1_95' title='bbox 249 1809 338 1891; x_wconf 92' lang='lat' dir='ltr'>quod</span> <span class='ocrx_word' id='word_1_96' title='bbox 360 1809 474 1890; x_wconf 78' lang='lat' dir='ltr'>Magos</span> <span class='ocrx_word' id='word_1_97' title='bbox 505 1809 637 1888; x_wconf 90' lang='lat' dir='ltr'>quidem</span> <span class='ocrx_word' id='word_1_98' title='bbox 667 1811 772 1892; x_wconf 91' lang='lat' dir='ltr'>primo</span> <span class='ocrx_word' id='word_1_99' title='bbox 804 1810 889 1873; x_wconf 92' lang='lat' dir='ltr'>bello</span> <span class='ocrx_word' id='word_1_100' title='bbox 913 1830 987 1872; x_wconf 91' lang='lat' dir='ltr'>cum</span> <span class='ocrx_word' id='word_1_101' title='bbox 1020 1809 1208 1873; x_wconf 87' lang='lat' dir='ltr'>Ptolemaeo</span> <span class='ocrx_word' id='word_1_102' title='bbox 1232 1819 1326 1890; x_wconf 84' lang='lat' dir='ltr'>gesto</span> <span class='ocrx_word' id='word_1_103' title='bbox 1351 1809 1446 1891; x_wconf 88' lang='lat' dir='ltr'>plane</span> 
     </span>
     <span class='ocr_line' id='line_1_14' title="bbox 146 1919 1442 2003; baseline 0.001 -23"><span class='ocrx_word' id='word_1_104' title='bbox 146 1920 252 1980; x_wconf 89' lang='lat' dir='ltr'>victus</span> <span class='ocrx_word' id='word_1_105' title='bbox 275 1929 323 1980; x_wconf 89' lang='lat' dir='ltr'>est</span> <span class='ocrx_word' id='word_1_106' title='bbox 346 1919 432 2000; x_wconf 81' lang='lat' dir='ltr'>(ante</span> <span class='ocrx_word' id='word_1_107' title='bbox 456 1939 483 1980; x_wconf 89' lang='lat' dir='ltr'>a.</span> <span class='ocrx_word' id='word_1_108' title='bbox 510 1921 582 1985; x_wconf 83' lang='lat'>266.</span> <span class='ocrx_word' id='word_1_109' title='bbox 608 1940 634 1982; x_wconf 88' lang='lat' dir='ltr'>a.</span> <span class='ocrx_word' id='word_1_110' title='bbox 661 1920 733 1982; x_wconf 88' lang='lat' dir='ltr'>Chr.</span> <span class='ocrx_word' id='word_1_111' title='bbox 764 1941 793 1982; x_wconf 91' lang='lat' dir='ltr'>n.</span> <span class='ocrx_word' id='word_1_112' title='bbox 826 1920 866 1986; x_wconf 85' lang='lat' dir='ltr'>cs.</span> <span class='ocrx_word' id='word_1_113' title='bbox 891 1921 1050 2001; x_wconf 88' lang='lat' dir='ltr'>Droysen.</span> <span class='ocrx_word' id='word_1_114' title='bbox 1076 1941 1107 2002; x_wconf 90' lang='lat' dir='ltr'>p.</span> <span class='ocrx_word' id='word_1_115' title='bbox 1133 1935 1206 2000; x_wconf 88' lang='lat'><strong>270.</strong></span> <span class='ocrx_word' id='word_1_116' title='bbox 1231 1941 1260 1986; x_wconf 90' lang='lat' dir='ltr'>n.</span> <span class='ocrx_word' id='word_1_117' title='bbox 1286 1936 1314 1982; x_wconf 89' lang='lat'>2.</span> <span class='ocrx_word' id='word_1_118' title='bbox 1339 1922 1442 2003; x_wconf 78' lang='lat' dir='ltr'>extr.).</span> 
     </span>
     <span class='ocr_line' id='line_1_15' title="bbox 146 2029 1444 2109; baseline 0 -19"><span class='ocrx_word' id='word_1_119' title='bbox 146 2030 233 2090; x_wconf 90' lang='lat' dir='ltr'>Nam</span> <span class='ocrx_word' id='word_1_120' title='bbox 255 2030 282 2090; x_wconf 89' lang='lat' dir='ltr'>si</span> <span class='ocrx_word' id='word_1_121' title='bbox 298 2029 413 2109; x_wconf 88' lang='lat' dir='ltr'>Magas</span> <span class='ocrx_word' id='word_1_122' title='bbox 436 2029 498 2091; x_wconf 91' lang='lat' dir='ltr'>hoc</span> <span class='ocrx_word' id='word_1_123' title='bbox 523 2030 607 2092; x_wconf 92' lang='lat' dir='ltr'>bello</span> <span class='ocrx_word' id='word_1_124' title='bbox 631 2051 665 2091; x_wconf 94' lang='lat' dir='ltr'>se</span> <span class='ocrx_word' id='word_1_125' title='bbox 690 2030 857 2092; x_wconf 88' lang='lat' dir='ltr'>dominum</span> <span class='ocrx_word' id='word_1_126' title='bbox 882 2031 1019 2094; x_wconf 88' lang='lat' dir='ltr'>liberum</span> <span class='ocrx_word' id='word_1_127' title='bbox 1042 2032 1106 2091; x_wconf 89' lang='lat' dir='ltr'>iam</span> <span class='ocrx_word' id='word_1_128' title='bbox 1128 2031 1348 2092; x_wconf 89' lang='lat' dir='ltr'>constituisset</span> <span class='ocrx_word' id='word_1_129' title='bbox 1371 2049 1444 2091; x_wconf 87' lang='lat' dir='ltr'>con·</span> 
     </span>
     <span class='ocr_line' id='line_1_16' title="bbox 145 2137 1445 2222; baseline 0 -23"><span class='ocrx_word' id='word_1_130' title='bbox 145 2159 244 2199; x_wconf 88' lang='lat' dir='ltr'>sensu</span> <span class='ocrx_word' id='word_1_131' title='bbox 263 2137 470 2220; x_wconf 88' lang='lat' dir='ltr'>Philadelphi,</span> <span class='ocrx_word' id='word_1_132' title='bbox 497 2159 610 2201; x_wconf 88' lang='lat' dir='ltr'>manus</span> <span class='ocrx_word' id='word_1_133' title='bbox 632 2151 664 2202; x_wconf 93' lang='lat' dir='ltr'>et</span> <span class='ocrx_word' id='word_1_134' title='bbox 686 2141 817 2203; x_wconf 87' lang='lat' dir='ltr'>consilia</span> <span class='ocrx_word' id='word_1_135' title='bbox 840 2141 945 2222; x_wconf 87' lang='lat' dir='ltr'>primo</span> <span class='ocrx_word' id='word_1_136' title='bbox 968 2141 1053 2204; x_wconf 92' lang='lat' dir='ltr'>bello</span> <span class='ocrx_word' id='word_1_137' title='bbox 1079 2139 1162 2221; x_wconf 87' lang='lat' dir='ltr'>Syro</span> <span class='ocrx_word' id='word_1_138' title='bbox 1186 2160 1261 2201; x_wconf 82' lang='lat' dir='ltr'>cuni</span> <span class='ocrx_word' id='word_1_139' title='bbox 1277 2138 1445 2201; x_wconf 83' lang='lat' dir='ltr'>Antiocho</span> 
     </span>
     <span class='ocr_line' id='line_1_17' title="bbox 147 2248 1444 2332; baseline 0.002 -22"><span class='ocrx_word' id='word_1_140' title='bbox 147 2257 182 2310; x_wconf 92' lang='lat' dir='ltr'>et</span> <span class='ocrx_word' id='word_1_141' title='bbox 206 2248 376 2328; x_wconf 84' lang='lat' dir='ltr'>Antigono</span> <span class='ocrx_word' id='word_1_142' title='bbox 401 2269 465 2311; x_wconf 90' lang='lat' dir='ltr'>non</span> <span class='ocrx_word' id='word_1_143' title='bbox 490 2251 725 2313; x_wconf 86' lang='lat' dir='ltr'>consociasset:</span> <span class='ocrx_word' id='word_1_144' title='bbox 762 2271 871 2312; x_wconf 89' lang='lat' dir='ltr'>revera</span> <span class='ocrx_word' id='word_1_145' title='bbox 898 2251 1012 2332; x_wconf 85' lang='lat' dir='ltr'>Magas</span> <span class='ocrx_word' id='word_1_146' title='bbox 1035 2249 1245 2331; x_wconf 90' lang='lat' dir='ltr'>Philadelpho</span> <span class='ocrx_word' id='word_1_147' title='bbox 1268 2258 1337 2312; x_wconf 91' lang='lat' dir='ltr'>tum</span> <span class='ocrx_word' id='word_1_148' title='bbox 1366 2250 1444 2312; x_wconf 88' lang='lat' dir='ltr'>sub·</span> 
     </span>
     <span class='ocr_line' id='line_1_18' title="bbox 145 2357 958 2443; baseline 0.009 -24"><span class='ocrx_word' id='word_1_149' title='bbox 145 2359 250 2420; x_wconf 89' lang='lat' dir='ltr'>iectus</span> <span class='ocrx_word' id='word_1_150' title='bbox 275 2369 352 2421; x_wconf 84' lang='lat' dir='ltr'>erat.</span> <span class='ocrx_word' id='word_1_151' title='bbox 378 2357 418 2424; x_wconf 86' lang='lat' dir='ltr'>cl.</span> <span class='ocrx_word' id='word_1_152' title='bbox 444 2361 603 2441; x_wconf 91' lang='lat' dir='ltr'>Droysen.</span> <span class='ocrx_word' id='word_1_153' title='bbox 629 2382 662 2443; x_wconf 85' lang='lat' dir='ltr'>p.</span> <span class='ocrx_word' id='word_1_154' title='bbox 690 2374 739 2440; x_wconf 83' lang='lat'>57.</span> <span class='ocrx_word' id='word_1_155' title='bbox 766 2362 838 2440; x_wconf 84' lang='lat'>269.</span> <span class='ocrx_word' id='word_1_156' title='bbox 865 2381 958 2442; x_wconf 87' lang='lat' dir='ltr'>seqq.</span> 
     </span>
    </p>

    <p class='ocr_par' dir='ltr' id='par_1_5' title="bbox 144 2469 1135 2664">
     <span class='ocr_line' id='line_1_19' title="bbox 255 2469 1055 2553; baseline 0.01 -25"><span class='ocrx_word' id='word_1_157' title='bbox 255 2469 298 2551; x_wconf 76' lang='lat' dir='ltr'>d.)</span> <span class='ocrx_word' id='word_1_158' title='bbox 323 2469 492 2550; x_wconf 86' lang='lat' dir='ltr'>Leguntur</span> <span class='ocrx_word' id='word_1_159' title='bbox 514 2473 603 2553; x_wconf 90' lang='lat' dir='ltr'>apud</span> <span class='ocrx_word' id='word_1_160' title='bbox 627 2471 837 2534; x_wconf 86' lang='lat' dir='ltr'>Theocritum</span> <span class='ocrx_word' id='word_1_161' title='bbox 861 2481 936 2542; x_wconf 83' lang='lat' dir='ltr'>tum</span> <span class='ocrx_word' id='word_1_162' title='bbox 955 2470 1055 2536; x_wconf 88' lang='lat' dir='ltr'>haec:</span> 
     </span>
     <span class='ocr_line' id='line_1_20' title="bbox 144 2579 1135 2664; baseline 0.008 -28"><span class='ocrx_word' id='word_1_163' title='bbox 144 2598 192 2642; x_wconf 82' lang='lat' dir='ltr'>vs,</span> <span class='ocrx_word' id='word_1_164' title='bbox 220 2580 276 2642; x_wconf 85' lang='lat'>88:</span> <span class='ocrx_word' id='word_1_165' title='bbox 306 2579 514 2660; x_wconf 75' lang='grc' dir='ltr'><em>Παμφάλοισί</em></span> <span class='ocrx_word' id='word_1_166' title='bbox 535 2603 571 2646; x_wconf 80' lang='grc' dir='ltr'>τε</span> <span class='ocrx_word' id='word_1_167' title='bbox 594 2589 673 2644; x_wconf 83' lang='grc' dir='ltr'><em>πάσι</em></span> <span class='ocrx_word' id='word_1_168' title='bbox 696 2583 750 2645; x_wconf 84' lang='grc' dir='ltr'>καὶ</span> <span class='ocrx_word' id='word_1_169' title='bbox 772 2580 944 2664; x_wconf 84' lang='grc' dir='ltr'><em>αἰχμητοῑς</em></span> <span class='ocrx_word' id='word_1_170' title='bbox 967 2582 1135 2646; x_wconf 76' lang='grc' dir='ltr'><em>Κιλίκεσσι</em></span> 
     </span>
    </p>

    <p class='ocr_par' dir='ltr' id='par_1_6' title="bbox 308 2689 1162 2775">
     <span class='ocr_line' id='line_1_21' title="bbox 308 2689 1162 2775; baseline 0.007 -25"><span class='ocrx_word' id='word_1_171' title='bbox 308 2689 461 2771; x_wconf 68' lang='lat' dir='ltr'>depulsat,</span> <span class='ocrx_word' id='word_1_172' title='bbox 486 2691 620 2766; x_wconf 77' lang='grc' dir='ltr'><em>Λυκίοις</em></span> <span class='ocrx_word' id='word_1_173' title='bbox 643 2714 679 2756; x_wconf 82' lang='grc' dir='ltr'>τε</span> <span class='ocrx_word' id='word_1_174' title='bbox 702 2690 967 2774; x_wconf 75' lang='grc' dir='ltr'><em>φιλοπτολέμοισὶ</em></span> <span class='ocrx_word' id='word_1_175' title='bbox 989 2713 1025 2756; x_wconf 84' lang='grc' dir='ltr'>τε</span> <span class='ocrx_word' id='word_1_176' title='bbox 1049 2692 1162 2775; x_wconf 76' lang='grc' dir='ltr'><em>Καρσί,</em></span> 
     </span>
    </p>

    <p class='ocr_par' dir='ltr' id='par_1_7' title="bbox 306 2793 1122 2884">
     <span class='ocr_line' id='line_1_22' title="bbox 306 2793 1122 2884; baseline 0.005 -24"><span class='ocrx_word' id='word_1_177' title='bbox 306 2798 359 2861; x_wconf 84' lang='grc' dir='ltr'>καὶ</span> <span class='ocrx_word' id='word_1_178' title='bbox 383 2799 493 2874; x_wconf 79' lang='grc' dir='ltr'><em>νάσοις</em></span> <span class='ocrx_word' id='word_1_179' title='bbox 516 2800 731 2879; x_wconf 77' lang='grc' dir='ltr'><em>Κνκλάάεσσι,</em></span> <span class='ocrx_word' id='word_1_180' title='bbox 754 2799 823 2865; x_wconf 77' lang='grc' dir='ltr'>ἐπεὶ</span> <span class='ocrx_word' id='word_1_181' title='bbox 846 2799 876 2865; x_wconf 82' lang='lat' dir='ltr'>ol</span> <span class='ocrx_word' id='word_1_182' title='bbox 898 2808 973 2876; x_wconf 84' lang='grc' dir='ltr'><em>νάες</em></span> <span class='ocrx_word' id='word_1_183' title='bbox 995 2793 1122 2884; x_wconf 73' lang='lat' dir='ltr'>dolorm</span> 
     </span>
    </p>

    <p class='ocr_par' dir='ltr' id='par_1_8' title="bbox 304 2906 1162 2988">
     <span class='ocr_line' id='line_1_23' title="bbox 304 2906 1162 2988; baseline 0.005 -18"><span class='ocrx_word' id='word_1_184' title='bbox 304 2907 430 2973; x_wconf 80' lang='grc' dir='ltr'><em>πόντον</em></span> <span class='ocrx_word' id='word_1_185' title='bbox 451 2908 683 2988; x_wconf 76' lang='grc' dir='ltr'><em>ἒπιπλώοντοιι,</em></span> <span class='ocrx_word' id='word_1_186' title='bbox 708 2910 860 2974; x_wconf 75' lang='grc' dir='ltr'><em>θάλασσα</em></span> <span class='ocrx_word' id='word_1_187' title='bbox 882 2911 915 2975; x_wconf 79' lang='lat' dir='ltr'>da</span> <span class='ocrx_word' id='word_1_188' title='bbox 938 2918 1027 2974; x_wconf 79' lang='grc' dir='ltr'><em>πάσα</em></span> <span class='ocrx_word' id='word_1_189' title='bbox 1050 2913 1104 2975; x_wconf 82' lang='grc' dir='ltr'>καὶ</span> <span class='ocrx_word' id='word_1_190' title='bbox 1127 2906 1162 2974; x_wconf 80' lang='grc' dir='ltr'>αἱ</span> 
     </span>
    </p>

    <p class='ocr_par' dir='ltr' id='par_1_9' title="bbox 303 3019 1278 3104">
     <span class='ocr_line' id='line_1_24' title="bbox 303 3019 1278 3104; baseline 0.003 -23"><span class='ocrx_word' id='word_1_191' title='bbox 303 3019 357 3081; x_wconf 84' lang='grc' dir='ltr'>καὶ</span> <span class='ocrx_word' id='word_1_192' title='bbox 379 3021 518 3102; x_wconf 81' lang='grc' dir='ltr'><em>ποταμοὶ</em></span> <span class='ocrx_word' id='word_1_193' title='bbox 541 3021 734 3098; x_wconf 77' lang='grc' dir='ltr'><em>κελάδοντες</em></span> <span class='ocrx_word' id='word_1_194' title='bbox 757 3019 955 3087; x_wconf 76' lang='grc' dir='ltr'><em>ἀνάσσονται</em></span> <span class='ocrx_word' id='word_1_195' title='bbox 978 3022 1182 3104; x_wconf 80' lang='grc' dir='ltr'><em>Πτολεμαίῳ.</em></span> <span class='ocrx_word' id='word_1_196' title='bbox 1207 3024 1278 3085; x_wconf 78' lang='grc' dir='ltr'><strong><em>κτλ.</em></strong></span> 
     </span>
    </p>

    <p class='ocr_par' dir='ltr' id='par_1_10' title="bbox 139 3127 1441 4314">
     <span class='ocr_line' id='line_1_25' title="bbox 252 3127 1440 3215; baseline 0.002 -25"><span class='ocrx_word' id='word_1_197' title='bbox 252 3127 335 3191; x_wconf 89' lang='lat' dir='ltr'>Sunt</span> <span class='ocrx_word' id='word_1_198' title='bbox 371 3129 432 3192; x_wconf 87' lang='lat' dir='ltr'>hae</span> <span class='ocrx_word' id='word_1_199' title='bbox 465 3133 668 3209; x_wconf 84' lang='lat' dir='ltr'>provinciae,</span> <span class='ocrx_word' id='word_1_200' title='bbox 704 3153 787 3215; x_wconf 88' lang='lat' dir='ltr'>quae</span> <span class='ocrx_word' id='word_1_201' title='bbox 817 3154 837 3194; x_wconf 89' lang='lat' dir='ltr'>a</span> <span class='ocrx_word' id='word_1_202' title='bbox 877 3133 1009 3194; x_wconf 89' lang='lat' dir='ltr'>meridie</span> <span class='ocrx_word' id='word_1_203' title='bbox 1038 3131 1138 3194; x_wconf 90' lang='lat' dir='ltr'>Asiae</span> <span class='ocrx_word' id='word_1_204' title='bbox 1171 3131 1303 3192; x_wconf 85' lang='lat' dir='ltr'>minoris</span> <span class='ocrx_word' id='word_1_205' title='bbox 1334 3140 1366 3193; x_wconf 91' lang='lat' dir='ltr'>et</span> <span class='ocrx_word' id='word_1_206' title='bbox 1400 3132 1440 3192; x_wconf 88' lang='lat' dir='ltr'>ad</span> 
     </span>
     <span class='ocr_line' id='line_1_26' title="bbox 140 3239 1441 3325; baseline 0.003 -27"><span class='ocrx_word' id='word_1_207' title='bbox 140 3257 233 3299; x_wconf 87' lang='lat' dir='ltr'>mare</span> <span class='ocrx_word' id='word_1_208' title='bbox 263 3239 343 3299; x_wconf 87' lang='lat' dir='ltr'>sitae</span> <span class='ocrx_word' id='word_1_209' title='bbox 371 3249 453 3302; x_wconf 90' lang='lat' dir='ltr'>sunt.</span> <span class='ocrx_word' id='word_1_210' title='bbox 502 3242 567 3304; x_wconf 89' lang='lat' dir='ltr'>Eas</span> <span class='ocrx_word' id='word_1_211' title='bbox 597 3243 728 3325; x_wconf 91' lang='lat' dir='ltr'>quidem</span> <span class='ocrx_word' id='word_1_212' title='bbox 759 3243 987 3306; x_wconf 87' lang='lat' dir='ltr'>Ptolemaeum</span> <span class='ocrx_word' id='word_1_213' title='bbox 1017 3242 1143 3304; x_wconf 90' lang='lat' dir='ltr'>nonnisi</span> <span class='ocrx_word' id='word_1_214' title='bbox 1176 3240 1320 3302; x_wconf 82' lang='lat' dir='ltr'>secundo</span> <span class='ocrx_word' id='word_1_215' title='bbox 1351 3241 1441 3304; x_wconf 88' lang='lat' dir='ltr'>bello</span> 
     </span>
     <span class='ocr_line' id='line_1_27' title="bbox 141 3347 1439 3433; baseline 0.004 -26"><span class='ocrx_word' id='word_1_216' title='bbox 141 3347 229 3428; x_wconf 86' lang='lat' dir='ltr'>Syro</span> <span class='ocrx_word' id='word_1_217' title='bbox 255 3368 461 3431; x_wconf 84' lang='lat' dir='ltr'>expugnasse</span> <span class='ocrx_word' id='word_1_218' title='bbox 485 3351 685 3433; x_wconf 84' lang='lat' dir='ltr'>Droysenius</span> <span class='ocrx_word' id='word_1_219' title='bbox 712 3354 822 3414; x_wconf 83' lang='lat' dir='ltr'>statuit</span> <span class='ocrx_word' id='word_1_220' title='bbox 846 3373 877 3432; x_wconf 91' lang='lat' dir='ltr'>p.</span> <span class='ocrx_word' id='word_1_221' title='bbox 905 3356 978 3430; x_wconf 84' lang='lat'>318.</span> <span class='ocrx_word' id='word_1_222' title='bbox 1005 3374 1033 3414; x_wconf 89' lang='lat' dir='ltr'>n.</span> <span class='ocrx_word' id='word_1_223' title='bbox 1058 3370 1091 3429; x_wconf 83' lang='lat'>4.</span> <span class='ocrx_word' id='word_1_224' title='bbox 1137 3352 1295 3413; x_wconf 83' lang='lat' dir='ltr'>Attamen</span> <span class='ocrx_word' id='word_1_225' title='bbox 1318 3350 1439 3412; x_wconf 86' lang='lat' dir='ltr'>nullam</span> 
     </span>
     <span class='ocr_line' id='line_1_28' title="bbox 142 3458 1439 3545; baseline 0.002 -26"><span class='ocrx_word' id='word_1_226' title='bbox 142 3458 240 3520; x_wconf 89' lang='lat' dir='ltr'>video</span> <span class='ocrx_word' id='word_1_227' title='bbox 265 3479 411 3525; x_wconf 85' lang='lat' dir='ltr'>causam.</span> <span class='ocrx_word' id='word_1_228' title='bbox 443 3481 500 3523; x_wconf 91' lang='lat' dir='ltr'>cur</span> <span class='ocrx_word' id='word_1_229' title='bbox 523 3463 555 3523; x_wconf 94' lang='lat' dir='ltr'>id</span> <span class='ocrx_word' id='word_1_230' title='bbox 585 3473 654 3525; x_wconf 88' lang='lat' dir='ltr'>tam</span> <span class='ocrx_word' id='word_1_231' title='bbox 685 3461 812 3524; x_wconf 85' lang='lat' dir='ltr'>firmum</span> <span class='ocrx_word' id='word_1_232' title='bbox 837 3464 868 3524; x_wconf 90' lang='lat' dir='ltr'>in</span> <span class='ocrx_word' id='word_1_233' title='bbox 893 3463 1033 3526; x_wconf 88' lang='lat' dir='ltr'>medium</span> <span class='ocrx_word' id='word_1_234' title='bbox 1059 3461 1202 3545; x_wconf 86' lang='lat' dir='ltr'>prolerre</span> <span class='ocrx_word' id='word_1_235' title='bbox 1226 3461 1369 3542; x_wconf 87' lang='lat' dir='ltr'>potuerit</span> <span class='ocrx_word' id='word_1_236' title='bbox 1390 3461 1439 3522; x_wconf 88' lang='lat' dir='ltr'>vir</span> 
     </span>
     <span class='ocr_line' id='line_1_29' title="bbox 141 3569 1438 3653; baseline 0.003 -25"><span class='ocrx_word' id='word_1_237' title='bbox 141 3569 361 3634; x_wconf 85' lang='lat' dir='ltr'>doctissimus.</span> <span class='ocrx_word' id='word_1_238' title='bbox 408 3571 526 3634; x_wconf 89' lang='lat' dir='ltr'>Nititur</span> <span class='ocrx_word' id='word_1_239' title='bbox 557 3573 687 3653; x_wconf 90' lang='lat' dir='ltr'>quidem</span> <span class='ocrx_word' id='word_1_240' title='bbox 718 3572 882 3634; x_wconf 90' lang='lat' dir='ltr'>Theocriti</span> <span class='ocrx_word' id='word_1_241' title='bbox 915 3572 1043 3652; x_wconf 87' lang='lat' dir='ltr'>idylli0,</span> <span class='ocrx_word' id='word_1_242' title='bbox 1076 3572 1116 3633; x_wconf 90' lang='lat' dir='ltr'>de</span> <span class='ocrx_word' id='word_1_243' title='bbox 1147 3590 1214 3653; x_wconf 90' lang='lat' dir='ltr'>quo</span> <span class='ocrx_word' id='word_1_244' title='bbox 1238 3571 1380 3651; x_wconf 76' lang='lat' dir='ltr'>agimuS,</span> <span class='ocrx_word' id='word_1_245' title='bbox 1407 3571 1438 3632; x_wconf 90' lang='lat' dir='ltr'>in</span> 
     </span>
     <span class='ocr_line' id='line_1_30' title="bbox 141 3679 1440 3764; baseline 0.001 -25"><span class='ocrx_word' id='word_1_246' title='bbox 141 3680 354 3760; x_wconf 88' lang='lat' dir='ltr'>disponendis</span> <span class='ocrx_word' id='word_1_247' title='bbox 377 3681 426 3742; x_wconf 88' lang='lat' dir='ltr'>his</span> <span class='ocrx_word' id='word_1_248' title='bbox 450 3683 651 3764; x_wconf 90' lang='lat' dir='ltr'>temporibus</span> <span class='ocrx_word' id='word_1_249' title='bbox 682 3692 779 3764; x_wconf 91' lang='lat' dir='ltr'>atque</span> <span class='ocrx_word' id='word_1_250' title='bbox 804 3682 994 3744; x_wconf 87' lang='lat' dir='ltr'>definiendis</span> <span class='ocrx_word' id='word_1_251' title='bbox 1024 3681 1131 3744; x_wconf 87' lang='lat' dir='ltr'>annis:</span> <span class='ocrx_word' id='word_1_252' title='bbox 1164 3690 1197 3742; x_wconf 90' lang='lat' dir='ltr'>at</span> <span class='ocrx_word' id='word_1_253' title='bbox 1219 3679 1305 3741; x_wconf 91' lang='lat' dir='ltr'>idem</span> <span class='ocrx_word' id='word_1_254' title='bbox 1330 3680 1440 3742; x_wconf 86' lang='lat' dir='ltr'>nititur</span> 
     </span>
     <span class='ocr_line' id='line_1_31' title="bbox 140 3787 1439 3868; baseline 0.001 -20"><span class='ocrx_word' id='word_1_255' title='bbox 140 3787 230 3849; x_wconf 90' lang='lat' dir='ltr'>hisce</span> <span class='ocrx_word' id='word_1_256' title='bbox 254 3790 346 3850; x_wconf 88' lang='lat' dir='ltr'>annis</span> <span class='ocrx_word' id='word_1_257' title='bbox 369 3792 484 3852; x_wconf 89' lang='lat' dir='ltr'>crassis</span> <span class='ocrx_word' id='word_1_258' title='bbox 508 3793 648 3853; x_wconf 90' lang='lat' dir='ltr'>tenebris</span> <span class='ocrx_word' id='word_1_259' title='bbox 682 3791 880 3854; x_wconf 78' lang='lat' dir='ltr'>circumfusis</span> <span class='ocrx_word' id='word_1_260' title='bbox 908 3791 950 3854; x_wconf 90' lang='lat' dir='ltr'>ad</span> <span class='ocrx_word' id='word_1_261' title='bbox 981 3791 1199 3854; x_wconf 86' lang='lat' dir='ltr'>definiendum</span> <span class='ocrx_word' id='word_1_262' title='bbox 1229 3788 1310 3850; x_wconf 92' lang='lat' dir='ltr'>illius</span> <span class='ocrx_word' id='word_1_263' title='bbox 1341 3788 1439 3868; x_wconf 89' lang='lat' dir='ltr'>idyllii</span> 
     </span>
     <span class='ocr_line' id='line_1_32' title="bbox 139 3898 1440 3983; baseline 0.002 -24"><span class='ocrx_word' id='word_1_264' title='bbox 139 3909 288 3979; x_wconf 74' lang='lat' dir='ltr'>tempus3</span> <span class='ocrx_word' id='word_1_265' title='bbox 312 3909 424 3962; x_wconf 86' lang='lat' dir='ltr'>neutra</span> <span class='ocrx_word' id='word_1_266' title='bbox 447 3921 497 3962; x_wconf 89' lang='lat' dir='ltr'>res</span> <span class='ocrx_word' id='word_1_267' title='bbox 519 3900 610 3963; x_wconf 89' lang='lat' dir='ltr'>firma</span> <span class='ocrx_word' id='word_1_268' title='bbox 634 3912 692 3974; x_wconf 89' lang='lat' dir='ltr'>est,</span> <span class='ocrx_word' id='word_1_269' title='bbox 718 3903 827 3983; x_wconf 90' lang='lat' dir='ltr'>itaque</span> <span class='ocrx_word' id='word_1_270' title='bbox 851 3923 891 3964; x_wconf 93' lang='lat' dir='ltr'>eo</span> <span class='ocrx_word' id='word_1_271' title='bbox 908 3901 997 3980; x_wconf 91' lang='lat' dir='ltr'>quod</span> <span class='ocrx_word' id='word_1_272' title='bbox 1013 3901 1147 3963; x_wconf 89' lang='lat' dir='ltr'>alteram</span> <span class='ocrx_word' id='word_1_273' title='bbox 1170 3898 1270 3961; x_wconf 87' lang='lat' dir='ltr'>altera</span> <span class='ocrx_word' id='word_1_274' title='bbox 1296 3899 1364 3961; x_wconf 90' lang='lat' dir='ltr'>vult</span> <span class='ocrx_word' id='word_1_275' title='bbox 1387 3900 1440 3962; x_wconf 90' lang='lat' dir='ltr'>de·</span> 
     </span>
     <span class='ocr_line' id='line_1_33' title="bbox 139 4006 1438 4094; baseline 0.003 -26"><span class='ocrx_word' id='word_1_276' title='bbox 139 4006 234 4068; x_wconf 84' lang='lat' dir='ltr'>finire</span> <span class='ocrx_word' id='word_1_277' title='bbox 258 4018 290 4070; x_wconf 90' lang='lat' dir='ltr'>et</span> <span class='ocrx_word' id='word_1_278' title='bbox 314 4009 486 4072; x_wconf 89' lang='lat' dir='ltr'>dilucidare</span> <span class='ocrx_word' id='word_1_279' title='bbox 511 4011 554 4072; x_wconf 91' lang='lat' dir='ltr'>nil</span> <span class='ocrx_word' id='word_1_280' title='bbox 576 4013 727 4074; x_wconf 88' lang='lat' dir='ltr'>dilucidat</span> <span class='ocrx_word' id='word_1_281' title='bbox 751 4010 810 4094; x_wconf 83' lang='lat' dir='ltr'>(Cf.</span> <span class='ocrx_word' id='word_1_282' title='bbox 841 4033 872 4094; x_wconf 88' lang='lat' dir='ltr'>p.</span> <span class='ocrx_word' id='word_1_283' title='bbox 906 4013 978 4087; x_wconf 84' lang='lat'>318.</span> <span class='ocrx_word' id='word_1_284' title='bbox 1004 4033 1031 4072; x_wconf 89' lang='lat' dir='ltr'>c.</span> <span class='ocrx_word' id='word_1_285' title='bbox 1063 4013 1164 4093; x_wconf 81' lang='lat' dir='ltr'>nott).</span> <span class='ocrx_word' id='word_1_286' title='bbox 1220 4007 1333 4089; x_wconf 89' lang='lat' dir='ltr'>Atque</span> <span class='ocrx_word' id='word_1_287' title='bbox 1363 4029 1438 4072; x_wconf 88' lang='lat' dir='ltr'>cum</span> 
     </span>
     <span class='ocr_line' id='line_1_34' title="bbox 139 4117 1437 4201; baseline 0.002 -23"><span class='ocrx_word' id='word_1_288' title='bbox 139 4117 241 4198; x_wconf 90' lang='lat' dir='ltr'>idyllii</span> <span class='ocrx_word' id='word_1_289' title='bbox 263 4118 362 4180; x_wconf 90' lang='lat' dir='ltr'>XVll.</span> <span class='ocrx_word' id='word_1_290' title='bbox 389 4129 519 4199; x_wconf 89' lang='lat' dir='ltr'>tempus</span> <span class='ocrx_word' id='word_1_291' title='bbox 541 4123 720 4184; x_wconf 89' lang='lat' dir='ltr'>secundum</span> <span class='ocrx_word' id='word_1_292' title='bbox 745 4142 851 4183; x_wconf 86' lang='lat' dir='ltr'>meam</span> <span class='ocrx_word' id='word_1_293' title='bbox 875 4121 1007 4201; x_wconf 89' lang='lat' dir='ltr'>quidem</span> <span class='ocrx_word' id='word_1_294' title='bbox 1031 4140 1136 4183; x_wconf 91' lang='lat' dir='ltr'>rerum</span> <span class='ocrx_word' id='word_1_295' title='bbox 1158 4119 1437 4200; x_wconf 89' lang='lat' dir='ltr'>computationem</span> 
     </span>
     <span class='ocr_line' id='line_1_35' title="bbox 139 4228 1433 4314; baseline 0.002 -25"><span class='ocrx_word' id='word_1_296' title='bbox 139 4229 237 4310; x_wconf 90' lang='lat' dir='ltr'>plane</span> <span class='ocrx_word' id='word_1_297' title='bbox 261 4228 346 4291; x_wconf 86' lang='lat' dir='ltr'>aliud</span> <span class='ocrx_word' id='word_1_298' title='bbox 369 4231 418 4303; x_wconf 89' lang='lat' dir='ltr'>sit,</span> <span class='ocrx_word' id='word_1_299' title='bbox 444 4250 498 4292; x_wconf 88' lang='lat' dir='ltr'>eas</span> <span class='ocrx_word' id='word_1_300' title='bbox 523 4232 654 4312; x_wconf 91' lang='lat' dir='ltr'>quidem</span> <span class='ocrx_word' id='word_1_301' title='bbox 678 4232 860 4314; x_wconf 84' lang='lat' dir='ltr'>provincias</span> <span class='ocrx_word' id='word_1_302' title='bbox 884 4241 953 4292; x_wconf 88' lang='lat' dir='ltr'>tum</span> <span class='ocrx_word' id='word_1_303' title='bbox 969 4232 1008 4314; x_wconf 88' lang='lat' dir='ltr'>(a.</span> <span class='ocrx_word' id='word_1_304' title='bbox 1035 4231 1112 4306; x_wconf 70' lang='lat' dir='ltr'>²⁰⁶l5·</span> <span class='ocrx_word' id='word_1_305' title='bbox 1130 4251 1158 4295; x_wconf 89' lang='lat' dir='ltr'>a.</span> <span class='ocrx_word' id='word_1_306' title='bbox 1176 4228 1249 4291; x_wconf 87' lang='lat' dir='ltr'>Chr.</span> <span class='ocrx_word' id='word_1_307' title='bbox 1276 4231 1318 4311; x_wconf 82' lang='lat' dir='ltr'>n.)</span> <span class='ocrx_word' id='word_1_308' title='bbox 1333 4229 1433 4292; x_wconf 88' lang='lat' dir='ltr'>Ptole·</span> 
     </span>
    </p>
   </div>
   <div class='ocr_carea' id='block_1_4' title="bbox 138 4497 1433 4666">
    <p class='ocr_par' dir='ltr' id='par_1_11' title="bbox 138 4497 1433 4666">
     <span class='ocr_line' id='line_1_36' title="bbox 253 4497 1433 4582; baseline 0.002 -28"><span class='ocrx_word' id='word_1_309' title='bbox 253 4503 269 4573; x_wconf 85' lang='grc' dir='ltr'>Ι)</span> <span class='ocrx_word' id='word_1_310' title='bbox 290 4507 329 4556; x_wconf 92' lang='lat' dir='ltr'>De</span> <span class='ocrx_word' id='word_1_311' title='bbox 343 4507 522 4573; x_wconf 77' lang='lat' dir='ltr'>Aegyptiorum</span> <span class='ocrx_word' id='word_1_312' title='bbox 543 4508 690 4558; x_wconf 76' lang='lat' dir='ltr'>commercio</span> <span class='ocrx_word' id='word_1_313' title='bbox 708 4524 765 4557; x_wconf 89' lang='lat' dir='ltr'>cum</span> <span class='ocrx_word' id='word_1_314' title='bbox 784 4507 836 4556; x_wconf 88' lang='lat' dir='ltr'>istis</span> <span class='ocrx_word' id='word_1_315' title='bbox 854 4497 922 4556; x_wconf 86' lang='lat' dir='ltr'>terris</span> <span class='ocrx_word' id='word_1_316' title='bbox 945 4506 975 4556; x_wconf 86' lang='lat' dir='ltr'>cf.</span> <span class='ocrx_word' id='word_1_317' title='bbox 999 4507 1053 4556; x_wconf 89' lang='lat' dir='ltr'>Plin</span> <span class='ocrx_word' id='word_1_318' title='bbox 1080 4507 1126 4554; x_wconf 90' lang='lat' dir='ltr'>VI.</span> <span class='ocrx_word' id='word_1_319' title='bbox 1142 4517 1181 4566; x_wconf 87' lang='lat'>29.</span> <span class='ocrx_word' id='word_1_320' title='bbox 1203 4502 1278 4552; x_wconf 81' lang='lat' dir='ltr'>Dicd.</span> <span class='ocrx_word' id='word_1_321' title='bbox 1295 4503 1315 4558; x_wconf 86' lang='grc' dir='ltr'>Ι,</span> <span class='ocrx_word' id='word_1_322' title='bbox 1335 4503 1376 4582; x_wconf 55' lang='lat'>36.</span> <span class='ocrx_word' id='word_1_323' title='bbox 1392 4515 1433 4566; x_wconf 83' lang='lat'>37.</span> 
     </span>
     <span class='ocr_line' id='line_1_37' title="bbox 138 4595 1429 4666; baseline -0.002 -20"><span class='ocrx_word' id='word_1_324' title='bbox 138 4599 287 4648; x_wconf 87' lang='lat' dir='ltr'>Drumann:</span> <span class='ocrx_word' id='word_1_325' title='bbox 306 4599 400 4648; x_wconf 82' lang='lat' dir='ltr'>Inschr.</span> <span class='ocrx_word' id='word_1_326' title='bbox 420 4616 470 4649; x_wconf 90' lang='lat' dir='ltr'>von</span> <span class='ocrx_word' id='word_1_327' title='bbox 483 4601 591 4651; x_wconf 87' lang='lat' dir='ltr'>Rosette.</span> <span class='ocrx_word' id='word_1_328' title='bbox 612 4617 638 4666; x_wconf 91' lang='lat' dir='ltr'>p.</span> <span class='ocrx_word' id='word_1_329' title='bbox 661 4610 716 4662; x_wconf 83' lang='lat'>195.</span> <span class='ocrx_word' id='word_1_330' title='bbox 737 4608 782 4654; x_wconf 87' lang='lat' dir='ltr'>etc.</span> <span class='ocrx_word' id='word_1_331' title='bbox 815 4600 943 4665; x_wconf 86' lang='lat' dir='ltr'>Respicias</span> <span class='ocrx_word' id='word_1_332' title='bbox 962 4608 1089 4666; x_wconf 84' lang='lat' dir='ltr'>praeterea</span> <span class='ocrx_word' id='word_1_333' title='bbox 1102 4604 1202 4664; x_wconf 85' lang='lat' dir='ltr'>poetam</span> <span class='ocrx_word' id='word_1_334' title='bbox 1222 4595 1332 4644; x_wconf 81' lang='lat' dir='ltr'>aulicum</span> <span class='ocrx_word' id='word_1_335' title='bbox 1351 4597 1429 4662; x_wconf 86' lang='lat' dir='ltr'>loqui,</span> 
     </span>
    </p>
   </div>
   <div class='ocr_carea' id='block_1_5' title="bbox 136 4691 633 4760">
    <p class='ocr_par' dir='ltr' id='par_1_12' title="bbox 136 4691 633 4760">
     <span class='ocr_line' id='line_1_38' title="bbox 136 4691 633 4760; baseline 0.006 -20"><span class='ocrx_word' id='word_1_336' title='bbox 136 4693 182 4756; x_wconf 91' lang='lat' dir='ltr'>qui</span> <span class='ocrx_word' id='word_1_337' title='bbox 203 4691 270 4755; x_wconf 85' lang='lat' dir='ltr'>regis</span> <span class='ocrx_word' id='word_1_338' title='bbox 289 4691 426 4757; x_wconf 83' lang='lat' dir='ltr'>potentiam</span> <span class='ocrx_word' id='word_1_339' title='bbox 447 4693 510 4741; x_wconf 86' lang='lat' dir='ltr'>ultro</span> <span class='ocrx_word' id='word_1_340' title='bbox 532 4703 633 4760; x_wconf 83' lang='lat' dir='ltr'>augeat.</span> 
     </span>
    </p>
   </div>
   <div class='ocr_carea' id='block_1_6' title="bbox 0 0 1754 5498">
    <p class='ocr_par' dir='ltr' id='par_1_13' title="bbox 0 0 1754 5498">
     <span class='ocr_line' id='line_1_39' title="bbox 0 0 1754 5498; baseline 0 6"><span class='ocrx_word' id='word_1_341' title='bbox 0 0 1754 5498; x_wconf 95' lang='lat' dir='ltr'> </span> 
     </span>
    </p>
   </div>
  </div>
 </body>
</html>
