3500 5498
4 713 15 816 i

775 455 829 568 ,91

710 582 920 592 ——m

168 709 270 770 erant,
296 702 505 766 enumeravit.
551 701 733 765 Clausulam
765 725 843 768 vero
875 703 1123 768 Callimacheam
1148 700 1166 768 ὁ
1201 701 1345 769 άέέσεται
1378 699 1463 790 ἧθεα
1557 721 1560 736 ·

164 808 291 894 πατρός
314 810 508 874 Theocritus
532 816 694 896 expressit
717 836 744 878 ν.
776 831 852 892 104:
876 804 905 898 (gi
928 815 1091 899 έπέοταγχυ
1106 815 1193 899 μέλει
1215 813 1365 900 πατρώια
1381 815 1464 880 πάν-

163 945 205 986 τα
227 920 407 1002 φυλάσσειν
430 919 438 1010 ll
460 919 500 987 οῗ
521 921 647 1008 άγαθῴ
669 928 808 1010 βασιλῆι,
834 923 877 989 τά
900 925 933 990 δὲ
956 927 1173 1008 κτεατίςεται
1197 923 1306 1000 αὐτός.

272 1033 481 1096 Theocritum
511 1044 620 1097 autem
651 1035 736 1097 hunc
759 1055 889 1117 quoque
912 1036 1097 1099 Callimachi
1121 1036 1277 1117 hymnum
1302 1038 1462 1103 imitatum

166 1163 237 1206 esse
261 1144 334 1204 inde
348 1143 438 1206 facile
455 1145 665 1218 concluditur,
684 1147 770 1226 quod
788 1146 874 1208 circa
897 1168 922 1209 a.
944 1143 1035 1222 iulis.
1061 1169 1088 1209 a.
1106 1146 1179 1212 Chr.
1206 1167 1246 1220 n..
1274 1157 1308 1209 ut
1324 1145 1464 1210 Couatio

165 1254 218 1317 l.l.
243 1277 274 1336 p.
302 1272 352 1331 24.
378 1257 557 1330 credamus,
583 1257 785 1338 compositus
817 1259 882 1322 e'st:
914 1257 977 1318 hoc
1007 1259 1126 1321 docent
1155 1277 1217 1319 vss
1256 1271 1324 1337 171.
1358 1279 1462 1340 seqq„

167 1365 222 1446 qui
253 1365 293 1427 de
328 1363 494 1430 Gallorum
538 1368 568 1429 in
604 1365 773 1430 Graeciam
811 1369 978 1437 invasione
1011 1375 1120 1448 agunt.
1188 1367 1332 1450 Apollon
1357 1370 1460 1434 enim:

166 1473 274 1550 Ξυνός
297 1499 357 1552 τις,
382 1477 497 1558 inquit,
513 1468 632 1552 ἄεθλος
654 1479 749 1540 nobis
773 1479 840 1551 erit,
866 1487 1003 1559 uterque
1024 1498 1097 1539 cum
1122 1474 1221 1540 Gallis
1239 1478 1464 1559 gravissimam

166 1585 261 1647 inibit
296 1606 451 1668 pugnam.
510 1588 704 1668 Designavit
736 1587 951 1650 Callimachus
991 1584 1159 1650 Gallorum
1191 1597 1333 1668 stragem
1375 1589 1463 1668 apud

166 1695 314 1776 Delphos
327 1699 365 1768 ¹5,
404 1718 487 1778 quae
519 1699 549 1760 in
586 1718 706 1761 annum
740 1715 814 1779 279.
845 1719 873 1762 a.
910 1697 984 1764 Chr.
1016 1718 1046 1762 n.
1070 1697 1178 1760 relerri
1217 1699 1317 1764 solet:
1354 1699 1463 1778 itaque

167 1807 306 1886 hymnus
337 1806 368 1868 in
393 1807 511 1869 Delum
541 1819 617 1890 post
646 1829 720 1871 eum
760 1829 881 1871 annum
910 1809 1111 1889 compositus
1145 1817 1202 1873 est.
1250 1807 1359 1870 Paullo
1390 1818 1465 1888 post

168 1917 243 1997 (uss.
274 1917 334 1978 186
357 1923 464 1999 seqq.)
489 1919 520 1980 in
544 1919 667 1999 hymno
690 1919 840 2000 leguntur
871 1918 968 1984 haec:
1004 1916 1190 1980 »Gallorum
1224 1939 1313 1980 arma
1345 1919 1464 2001 partim

168 2046 277 2088 meum
310 2026 490 2111 (Apollinis)
515 2038 607 2090 erunt
630 2029 819 2111 praemium,
845 2029 962 2111 partim
991 2025 1044 2092 ἐστὶ
1073 2029 1184 2111 Νείλῳ
1200 2026 1258 2112 liv
1285 2029 1365 2113 πυρὶ
1387 2027 1466 2104 τούς

168 2135 350 2220 φορέοντας
374 2134 647 2213 ἀναπνεύσαντας
670 2137 802 2228 ἰδοῦσαι,
828 2135 835 2206 l
858 2140 1032 2215 κελοονται,
1048 2141 1200 2222 βασιλῆος
1223 2134 1341 2203 ἀέθλια
1357 2137 1465 2204 πολλὰ

168 2245 330 2330 καμόντος
347 2243 354 2334 l
370 2246 546 2331 έσσόμεναι.
586 2251 775 2332 Πτολεμαῖε,
792 2253 876 2326 κτλ,
900 2250 941 2312 ad
959 2269 1042 2330 quae
1065 2248 1164 2314 schol.
1182 2247 1264 2311 haec
1280 2250 1463 2315 adnotavit:

158 2357 341 2441 Ἀντίγονός
371 2381 421 2433 τις
455 2359 551 2438 φίλος
574 2367 633 2422 τοῦ
673 2358 882 2440 Φιλαδέλφου
918 2361 1122 2442 Πτολεμαίου
1163 2368 1314 2442 προξενεῖ
1346 2355 1466 2434 αὐτοὺς

169 2463 262 2550 αὐτῷ
283 2461 366 2533 ὥστε
389 2466 442 2531 ἐπὶ
470 2471 581 2551 μισθῷ
611 2468 854 2552 στρατεύεσθαι.
885 2469 940 2533 καὶ
971 2466 1033 2554 γάρ
1056 2467 1188 2553 ἔχρῃζεν
1219 2465 1237 2534 ὁ
1267 2471 1466 2552 Πτολεμαῖος

168 2577 289 2642 τούτου
311 2587 371 2643 τοῦ
395 2577 645 2662 στρατεύματος.
671 2577 702 2642 οἳ
725 2577 757 2643 di
781 2572 901 2661 ὁμοίαις
925 2575 1157 2664 ἠβουλήθησαν
1181 2582 1235 2644 καὶ
1263 2589 1323 2645 τοῦ
1346 2581 1464 2644 Πτολε·

168 2690 265 2772 μαίυυ
288 2687 462 2772 διαρπάσαι
477 2686 519 2754 τά
533 2689 690 2774 χρήματα.
715 2687 812 2773 γνοὺς
828 2681 887 2753 οὖν
904 2690 1124 2774 συλλαμβάνει
1141 2687 1261 2766 αὐτοὺς
1276 2691 1331 2754 καὶ
1347 2687 1466 2773 ἀπάγει

169 2798 254 2883 πρὸς
269 2798 308 2865 τὸ
331 2798 463 2882 στόμιον
484 2808 544 2864 τοῦ
560 2801 680 2865 Νείλου
695 2798 735 2864 τὸ
751 2798 924 2882 λεγόμενον
943 2797 1184 2879 Σεβεννυτικὸν
1199 2799 1253 2862 καὶ
1267 2797 1467 2862 κατέκλυσεν

170 2905 291 2984 αὐτοὺς
306 2907 415 2974 ἐκεῖσε.
441 2919 547 2974 ταῦτα
561 2901 622 2974 οὖν
638 2909 717 2992 φησὶ
736 2887 837 2992 ξυνὸν
855 2907 966 2994 ἀγῶνα
982 2906 1123 2974 έσεσθαι.
1158 2908 1206 2974 Cl.
1230 2909 1323 2970 Paus.
1349 2909 1371 2970 I.
1389 2923 1416 2987 7.
1436 2925 1465 2970 2.

170 3021 226 3083 llie
251 3018 422 3103 Ιλντέγυνός
437 3043 496 3095 τις,
522 3041 619 3100 quem
636 3021 779 3103 appellat
800 3021 982 3095 scholiasta,
1006 3021 1074 3082 sine
1091 3020 1190 3081 dubio
1214 3005 1384 3102 (Droysen.
1409 3017 1428 3085 l.
1444 3017 1462 3080 l.

171 3153 204 3214 p.
231 3147 301 3212 270.
321 3152 350 3193 n.
370 3137 413 3214 2.)
438 3141 487 3193 est
511 3129 697 3210 Antigonus
721 3128 875 3202 Gonatas
893 3131 1105 3192 Macedoniae
1127 3130 1201 3191 inde
1224 3130 1266 3192 ab
1282 3150 1367 3192 anno
1391 3143 1464 3210 277.

171 3263 199 3304 a.
232 3240 306 3306 Chr.
330 3262 359 3307 n.
396 3263 475 3319 rex„
507 3262 605 3323 quem
643 3239 752 3304 Gallos
795 3241 1032 3304 mercennarios
1061 3240 1145 3302 bello
1168 3248 1281 3301 contra
1308 3239 1467 3320 Pyrrhum

171 3350 323 3414 habuisse
345 3352 435 3413 testis
460 3360 508 3413 est
531 3351 706 3413 Pausanias
729 3351 763 3432 (Ι.
787 3367 833 3428 13.
862 3353 912 3434 2.).
959 3351 1071 3432 Itaque
1093 3359 1169 3432 post
1191 3369 1311 3411 annum
1335 3364 1410 3428 272.
1435 3369 1463 3430 a.

172 3460 245 3526 Chr.
271 3480 312 3534 n,
343 3481 408 3542 quo
440 3461 579 3542 Pyrrhus
611 3461 721 3524 relicta
751 3461 945 3524 Macedonia
974 3461 1160 3524 interfectus
1190 3468 1247 3533 est,
1279 3459 1465 3539 Antigonus

172 3569 319 3636 Gonatas
350 3570 459 3634 Gallos
490 3573 728 3635 mercennarios
759 3572 800 3633 ad
832 3571 1078 3653 Philadelphum
1115 3570 1248 3632 dimisit:
1280 3569 1355 3630 inde
1378 3578 1465 3631 recte

174 3682 366 3745 concludere
389 3682 466 3743 mihi
483 3683 602 3756 videor,
627 3681 860 3744 Callimachum
878 3682 963 3742 hunc
979 3683 1137 3762 hymnum
1154 3681 1237 3742 circa
1252 3699 1373 3742 annum
1391 3695 1464 3760 271,

172 3813 201 3854 a.
219 3791 293 3854 Chr.
313 3811 342 3852 n.
361 3789 527 3854 Gallorum
553 3793 639 3854 necis
663 3792 819 3854 memoria
839 3792 982 3853 nondum
1006 3791 1175 3854 obliterata
1197 3790 1419 3872 composuisse
1433 3792 1465 3874 l)·

170 3917 438 3928 ffl—

284 3970 299 4040 ')
320 3973 397 4022 schol.
425 3971 457 4020 ad
485 3989 519 4021 vs.
552 3982 614 4034 175:
646 3975 769 4040 Βρέννος
798 3967 811 4020 u‘
833 3976 889 4020 ταῖν
919 3966 1037 4021 Γάλλων
1056 3965 1186 4036 βασιλευς
1205 3965 1378 4037 συναγαγών
1404 3963 1467 4026 τούς

173 4060 297 4122 Κελτοῠς
316 4060 401 4128 ἢλθεν
421 4064 466 4116 ε’τιὶ
487 4070 612 4116 Πυθῶνα
625 4061 795 4134 βουλόμενος
814 4069 943 4116 rotator]
962 4058 995 4114 τά
1013 4059 1144 4133 χρήματα
1165 4062 1328 4131 ιλιαριιάσαι.
1349 4063 1466 4126 πλησίον

172 4160 202 4210 tir*
222 4163 387 4228 γενομένων
417 4156 431 4208 ὁ
465 4155 606 4210 Ἀπόλλων
631 4153 741 4228 χαλάζῃ
761 4155 940 4228 χρησάμενος
966 4153 1091 4208 cindatos
1112 4153 1175 4214 τούς
1199 4159 1346 4214 πλείστους
1365 4153 1466 4207 αὐτοῖν.

171 4254 244 4304 Paus.
264 4252 333 4303 VIlI.
361 4265 441 4315 10,9:
471 4237 639 4316 ἐκδηλότατα
660 4252 690 4302 dt
711 4248 725 4302 ὁ
747 4252 882 4304 Γαλατῶν
909 4247 1025 4320 στρατὸς
1050 4245 1177 4302 ‹turritan›
1202 4246 1240 4300 ἐν
1267 4251 1388 4316 Δελφοῖς
1414 4244 1466 4300 ὑπὸ

171 4351 220 4397 τοῦ
240 4349 309 4397 θεοῦ
328 4346 375 4396 καὶ
389 4343 518 4414 ἐναργῶς
533 4341 583 4397 rino*
599 4342 752 4416 άάιμόνων.
768 4346 799 4396 al.
821 4347 878 4395 Huc
892 4354 1003 4411 spectare
1015 4344 1140 4410 Apollinis
1152 4343 1348 4394 Belvederiensis
1359 4349 1467 4394 statuam

172 4441 316 4490 coniectura
334 4439 478 4490 felicissima
496 4449 540 4490 est.

280 4529 300 4600 ²)
323 4531 474 4597 Droysenius
484 4535 551 4582 hunc
561 4533 682 4596 hymnum
692 4549 759 4581 anno
771 4533 830 4594 265.
844 4549 867 4580 a.
876 4531 931 4580 Chr.
947 4547 974 4583 n.
986 4531 1103 4595 scriptum
1116 4545 1170 4579 esse
1182 4529 1288 4578 coniecit
1302 4526 1336 4595 (p.
1348 4528 1409 4590 306.
1421 4527 1466 4593 m),

172 4641 264 4674 causae
283 4633 376 4686 autem,
396 4641 459 4689 quas
477 4626 568 4684 attulit,
588 4624 649 4672 mihi
663 4640 714 4673 non
728 4633 912 4688 persuaserunt,
932 4639 991 4672 nam
1004 4638 1091 4671 omnes
1109 4621 1205 4670 insulas
1223 4633 1366 4670 enumerare
1385 4635 1467 4684 neque

172 4718 254 4780 potuit
273 4731 354 4780 neque
372 4716 450 4765 voluit
469 4716 598 4764 hocloco.
