3500 5498
922 495 960 555 14

835 570 1046 578 ..n—ev*—

289 695 356 752 tam
370 689 463 752 Arati
488 689 656 770 aequalem
670 691 869 773 appellatum
892 692 1071 754 invenimus
1093 689 1245 770 designat
1266 691 1494 764 tantummodo
1512 691 1591 754 Phil-

289 809 376 860 etam
397 808 474 880 post
497 799 589 860 Arati
614 821 733 863 annum
758 802 899 865 natalem
924 803 1009 864 diem
1042 801 1188 862 ultimum
1221 799 1349 866 obiisse.
1396 799 1491 863 Hanc
1521 823 1590 864 sen-

288 910 422 971 tentiam
445 908 615 971 confirmat
639 911 756 974 Suidas
779 934 803 974 s
827 933 856 975 ν.
886 917 1049 997 Φιλητᾶς.
1066 961 1072 972 .
1087 962 1118 978 ..
1141 902 1190 974 ὢν
1210 907 1263 974 ἐπί
1281 933 1317 973 τε
1343 913 1512 976 Φιλίππου
1535 913 1592 976 καὶ

291 1013 499 1104 Ἀλεξάνδρου,
523 1021 579 1100 qui
609 1021 707 1102 igitur
731 1021 888 1085 Philetam
912 1022 1066 1103 Philippo
1095 1030 1129 1082 et
1154 1019 1342 1082 Alexandro
1367 1021 1591 1084 Macedonum

289 1130 422 1208 regibus
447 1129 514 1190 sive
537 1130 666 1192 saeculo
696 1131 763 1193 fere
791 1143 867 1194 ante
897 1133 1100 1212 Antigonum
1125 1128 1288 1193 Gonatam
1320 1113 1438 1192 vixisse
1468 1127 1590 1198 statuit.

289 1239 420 1300 Vixisse
452 1240 549 1319 igitur
577 1240 703 1302 videtur
725 1241 864 1304 Philetas
889 1241 930 1304 ab
953 1242 993 1306 ol.
1024 1259 1092 1322 109.
1119 1241 1161 1303 ad
1190 1256 1259 1318 123.
1286 1261 1398 1322 usque,
1432 1241 1476 1304 ita
1505 1243 1591 1304 enim

290 1349 414 1428 optime
438 1350 578 1410 virorum
604 1351 774 1414 doctorum
799 1353 969 1434 opiniones
993 1353 1225 1414 consociantur.

396 1459 527 1522 Praeter
549 1460 727 1523 Ptolemaei
742 1461 951 1544 Philadelphi,
977 1462 1136 1524 Zenodoti
1153 1460 1296 1542 Ephesii,
1315 1461 1593 1525 Hermesianactis

290 1569 484 1650 Colophonii
509 1570 647 1632 Philetas
671 1571 836 1634 Theocriti
860 1571 1042 1650 nominatur
1065 1579 1259 1652 praeceptor
1282 1580 1435 1652 recteque
1452 1572 1592 1634 Bachius

289 1679 307 1740 l.
332 1679 350 1741 l.
375 1701 406 1761 p.
430 1680 460 1742 6.
486 1681 632 1753 coniecit,
657 1690 791 1762 poetam
813 1682 1059 1744 celeberrimum
1083 1690 1160 1742 tunc
1184 1679 1232 1742 Co
1256 1679 1403 1742 scholam
1426 1682 1592 1763 publicam

290 1789 458 1864 habuisse;
490 1789 537 1852 Co
561 1790 658 1871 igitur
687 1790 882 1853 Theocritus
919 1795 1047 1875 Φιλητᾶ
1068 1786 1232 1872 ἀκουστὴς
1254 1787 1391 1872 ἐγένετο.
1438 1792 1592 1874 Disputa-

290 1910 405 1962 verunt
428 1909 536 1962 autem
560 1901 618 1962 viri
642 1900 731 1963 docti
756 1901 796 1962 de
819 1921 858 1963 ea
881 1903 1078 1982 quaestione,
1106 1909 1213 1961 utrum
1231 1900 1461 1990 Alexandreae
1486 1923 1526 1964 an
1543 1901 1592 1965 Co

290 2010 433 2072 Philetas
456 2009 621 2072 Theocriti
645 2009 758 2073 fuisset
782 2020 986 2092 praeceptor.
1034 2011 1146 2091 Atque
1162 2011 1357 2073 Fritzschius
1380 2013 1511 2094 quidem
1536 2013 1592 2096 (de

291 2129 379 2202 poet.
406 2139 453 2200 gr.
477 2120 549 2184 buc.
575 2141 606 2204 p.
632 2121 678 2202 4.)
704 2120 940 2194 Alexandreae,
967 2121 1126 2182 Haulerus
1149 2121 1168 2183 l.
1187 2121 1206 2185 l.
1231 2141 1263 2202 p.
1283 2123 1313 2186 8.
1338 2121 1369 2182 in
1394 2122 1464 2203 ipsa
1488 2121 1592 2184 insula

291 2229 340 2292 Co
363 2229 395 2290 id
419 2229 540 2292 lactum
564 2251 636 2292 esse
659 2230 736 2296 vult.
761 2231 937 2293 Reicienda
968 2240 1055 2293 certe
1086 2240 1136 2292 est
1158 2229 1326 2292 Fritzschii
1359 2231 1477 2312 opini0,
1515 2243 1591 2294 cum

292 2339 378 2401 nullo
403 2340 598 2421 scriptorum
614 2340 686 2402 loco
703 2342 908 2423 comprobari
928 2343 1040 2424 possit,
1064 2341 1220 2404 Philetam
1239 2340 1481 2404 Alexandream
1506 2363 1592 2404 com-

293 2449 459 2530 migrasse.
506 2450 667 2512 Weberus
691 2450 823 2532 quidem
834 2449 857 2531 ¹)
882 2450 914 2512 id
938 2451 1072 2532 copiose
1096 2451 1272 2523 contendit,
1298 2459 1331 2512 at
1362 2452 1474 2513 omnio
1509 2472 1594 2533 quae

292 2559 424 2640 protulit
455 2581 472 2622 e
500 2581 586 2622 vano
618 2560 732 2623 hausit.
788 2559 911 2623 Contra
941 2569 1134 2642 argumenta
1164 2559 1266 2622 afferri
1296 2571 1443 2642 possunt,
1477 2562 1594 2643 quibus

292 2669 449 2732 Philetam
473 2671 572 2732 etiam
596 2690 707 2732 senem
733 2669 780 2733 Co
802 2670 922 2732 vixisse
945 2669 1188 2752 comprobetur.
1234 2669 1319 2732 Nam
1342 2670 1384 2730 id.
1402 2669 1482 2738 VH..
1501 2672 1592 2732 cuins

292 2801 343 2842 res
367 2789 455 2842 certe
478 2779 526 2843 Co
550 2790 641 2842 actae
665 2789 748 2853 sunt,
775 2801 821 2842 vs.
839 2797 890 2858 40.
910 2780 1067 2843 Philetam
1091 2779 1253 2842 Coensem
1276 2780 1321 2842 ita
1344 2779 1468 2842 inducit
1484 2780 1587 2843 Theo·

293 2891 400 2964 crituS,
426 2899 461 2951 ut
484 2898 616 2971 poetam
650 2889 894 2952 celeberrimum
918 2891 949 2952 in
975 2911 1014 2953 ea
1037 2890 1108 2972 ipsa
1131 2890 1232 2952 insula
1254 2889 1465 2954 Theocritum
1490 2891 1592 2952 erudi·

293 3002 376 3063 visse
400 3001 608 3064 statuendum
632 3001 682 3062 sit.
730 3001 898 3062 Praeterea
929 3001 1147 3082 inspiciendus
1170 3009 1219 3062 est
1243 3001 1294 3064 hic
1317 3001 1477 3063 Plutarchi
1500 3000 1592 3061 locus

295 3112 362 3191 (An
393 3111 462 3173 seni
494 3110 638 3191 gerenda
662 3111 702 3172 sit
731 3130 816 3192 resp.
842 3132 892 3192 cp.
924 3123 971 3188 15.
995 3131 1026 3192 p.
1055 3128 1126 3190 791.
1150 3111 1218 3188 Ε.);
1250 3104 1360 3194 ὥσπερ
1383 3103 1444 3174 οὖν
1466 3105 1484 3173 ὁ
1508 3107 1592 3193 Hori-

295 3223 386 3286 drrrou
408 3219 469 3286 τὸν
492 3219 652 3304 σοφιστὴν
675 3211 696 3305 ἢ
724 3223 871 3305 §briusoha
893 3219 953 3285 τὸν
967 3219 1108 3304 ποιητὴν
1131 3216 1233 3303 ἀξιῶν
1254 3219 1486 3284 πολιτεύεσθαι
1508 3223 1593 3296 κτλ,

295 3353 336 3394 ex
372 3353 439 3413 quo
474 3332 587 3404 elucet,
624 3330 779 3393 Philetam
814 3351 925 3392 senem
962 3330 1006 3391 rei
1033 3329 1182 3412 publicae
1206 3329 1341 3392 Coensis
1372 3327 1593 3410 gubernacula

294 3443 445 3506 tenuisse.
492 3442 541 3504 Ne
563 3440 627 3502 hoc
650 3441 791 3521 quidem,
817 3431 1070 3522 quod‘Philetas
1086 3439 1260 3501 Ptolemaei
1276 3437 1477 3520 Philadelphi
1501 3458 1592 3520 prae-

295 3561 408 3634 ceptor
432 3553 622 3620 nominatur,
648 3570 708 3612 nos
732 3571 771 3612 eo
795 3549 973 3632 perducere
997 3549 1104 3622 debet,
1131 3558 1167 3610 ut
1189 3559 1323 3631 poetam
1348 3547 1594 3611 Alexandream

295 3663 528 3742 commigrasse
556 3670 756 3726 statuamus:
794 3681 868 3722 nam
901 3679 975 3721 cum
1003 3655 1232 3741 Philadelphus
1264 3679 1395 3741 quoque
1427 3659 1458 3720 in
1490 3658 1594 3720 insula

296 3770 344 3834 Co
368 3780 463 3833 natus
486 3791 591 3852 neque
614 3771 715 3850 patris
739 3769 910 3851 imperium
935 3789 977 3830 ex
1000 3769 1089 3832 omni
1111 3778 1203 3851 parte
1226 3779 1303 3831 tunc
1327 3771 1391 3830 iam
1408 3767 1537 3829 firmum
1561 3777 1595 3830 et

296 3882 542 3943 corroboratum
582 3890 675 3953 esset,
700 3879 846 3942 Philetas
874 3878 1097 3941 Ptolemaeum
1128 3880 1299 3961 puerulum
1329 3879 1399 3960 ipsa
1427 3878 1474 3941 Co
1507 3886 1595 3940 certe

296 3991 445 4055 educavit
468 3991 633 4072 literisque
655 3989 816 4054 instruxit.

403 4102 551 4163 Denotat
582 4109 692 4162 autem
727 4119 795 4160 vox
831 4094 995 4182 ἀκουστής
1032 4097 1188 4160 Philetam
1221 4097 1386 4162 Theocriti
1418 4098 1450 4159 in
1479 4097 1595 4160 studiis

296 4195 410 4286 doctis,
436 4231 502 4273 non
526 4210 557 4272 in
581 4211 745 4272 literarum
762 4206 952 4270 rudimentis
967 4205 1063 4270 fuisse
1087 4218 1335 4291 praeceptorem
1351 4216 1504 4288 recteque
1520 4206 1596 4270 inde

296 4323 512 4394 cuncluditur,
548 4330 681 4404 poetam
716 4317 959 4382 celeberrimum
995 4316 1207 4381 Theocritum
1239 4317 1516 4380 adolescentulum
1553 4317 1595 4378 ad

409 4499 424 4569 ¹)
447 4501 537 4551 »Seine
557 4496 692 4568 (Philetae)
713 4495 914 4548 Gelehrsamkeit
939 4496 1030 4560 bewog
1055 4497 1120 4546 auch
1139 4497 1297 4546 Ptolemaeus
1322 4496 1371 4545 den
1389 4496 1505 4561 Lagiden

297 4595 342 4644 ihn
360 4594 446 4644 seinen
465 4593 580 4642 Kindern
687 4607 743 4641 zum
761 4590 856 4639 Lehrer
874 4605 904 4638 zu
923 4589 1015 4652 geben;
1043 4589 1089 4638 seit
1115 4589 1220 4638 welcher
1238 4589 1292 4638 Zeit
1310 4604 1336 4636 er
1357 4588 1443 4637 seinen
1461 4588 1593 4640 Wohnsitz

297 4688 324 4738 in
342 4685 494 4739 Alexandria
512 4685 615 4737 nahm«.
652 4685 721 4734 Poet.
741 4684 806 4750 eleg.
828 4683 929 4749 interpr.
951 4700 975 4749 p.
996 4681 1056 4731 660.
1077 4681 1108 4731 cs.
1128 4682 1204 4732 Bach.
1224 4683 1242 4732 l.
1263 4683 1279 4730 l.
1300 4698 1325 4748 p.
1348 4691 1371 4745 7.
