3500 5498
906 455 928 530 6

810 559 1023 568 ι--μ--κ-

266 675 308 748 id.
335 681 422 748 XVI.
448 683 485 744 8:
510 675 543 745 al
565 679 598 745 da
621 679 787 765 (Χάριτες)
813 679 1006 765 σκυζόμενοι
1028 693 1161 765 γυμνοῖς
1184 681 1281 746 ποσὶν
1303 665 1404 744 oi'xud'
1426 663 1521 753 indta,
1545 668 1565 744 l.

267 814 295 859 e.
319 794 362 855 ad
384 793 572 865 Hieronem,
596 813 693 874 quem
717 791 860 854 celebrat
882 813 1022 866 carmen,
1047 792 1233 873 Syracusas.

267 903 309 968 id.
326 901 475 968 XXVIII.
498 918 551 982 17:
576 902 631 966 καὶ
653 901 716 985 γάρ
731 923 782 966 τοι
798 901 928 986 πάτρις,
945 897 987 966 ἃν
1001 897 1047 985 ὥξ
1061 897 1201 986 Ἐφύρας
1216 898 1328 964 κτὶοοέ
1342 895 1567 986 ποτ’Άρχίας,Ι>

267 1012 358 1076 vdeo>
386 1015 578 1097 Τρινακρίας
601 1012 730 1095 μύελον,
756 1006 887 1096 ἄνδρων
910 1013 1052 1094 δοκίμων
1074 1010 1184 1088 πόλιν,
1215 1011 1284 1072 coll.
1311 1031 1392 1076 vers,
1417 1009 1564 1073 anteced.

267 1119 306 1186 οὐ
322 1120 385 1207 γὰρ
401 1121 446 1197 εἰς
462 1119 597 1207 ἀκίδρας
612 1118 680 1186 οὐδ’
695 1121 740 1196 εἰς
756 1119 865 1206 ἀέργω
879 1135 937 1186 κεν
951 1119 1144 1208 &polichronii
1154 1117 1293 1185 ὄπασσαί
1307 1136 1341 1182 οε
1353 1117 1461 1202 δόμοις
1473 1114 1568 1201 ἀμμε-

266 1230 362 1316 τέρας
373 1229 471 1296 ἔσσαν
483 1228 552 1296 ἀπὺ
563 1230 695 1314 χθόνος.
731 1233 901 1294 Praeterea
914 1242 1039 1295 veteres
1052 1231 1263 1294 Theocritum
1276 1249 1407 1310 semper
1419 1228 1566 1292 Siculum

268 1343 320 1404 vel
336 1342 585 1424 Syracusanum,
604 1342 707 1404 Coum
724 1351 885 1423 quantum
902 1343 998 1404 video
1018 1363 1182 1424 nunquam
1201 1341 1360 1426 (exceptis
1376 1359 1461 1422 quae
1473 1338 1565 1404 Suid.

268 1451 383 1533 affert)
401 1452 662 1533 appellaverunt:
681 1452 720 1517 cs.
735 1451 826 1516 Seru.
846 1450 993 1534 prooem.
1006 1452 1104 1532 Verg.
1124 1453 1195 1513 buc.
1211 1473 1246 1532 p.
1261 1464 1312 1530 95.
1332 1451 1432 1515 Lion:
1462 1476 1474 1507 ›
1493 1498 1498 1509 .
1515 1496 1520 1509 .
1538 1498 1567 1513 ..

269 1561 405 1623 intentio
428 1571 545 1642 poetae
568 1561 648 1624 haec
673 1571 731 1636 est,
758 1572 792 1625 ut
822 1563 964 1625 imitetur
986 1561 1196 1624 Theocritum
1220 1561 1458 1642 Syracusanum
1483 1568 1565 1620 etc.‹

270 1670 391 1736 Athen.
415 1672 436 1732 1.
459 1686 504 1750 5a.
530 1667 548 1735 d
570 1671 774 1756 Συρακόσιος
796 1672 942 1756 ποιητής.
991 1672 1027 1733 ll.
1046 1688 1098 1750 49.
1125 1670 1232 1733 [VII.
1260 1673 1334 1748 284.
1359 1690 1387 1734 a.
1411 1669 1464 1730 XI.
1490 1680 1565 1746 475.

270 1804 304 1848 e:
333 1780 507 1865 Θεόκριτος
529 1777 776 1867 ὁΣυρακόοιος.
802 1783 840 1844 al.
890 1784 1000 1864 Atque
1024 1802 1098 1843 cum
1121 1781 1318 1843 Theocritus
1341 1779 1464 1860 primus
1481 1777 1568 1838 Sicu·

270 1892 375 1953 lorum
393 1901 523 1953 cantum
540 1892 722 1955 bucolicum
740 1894 970 1955 antearudem
988 1902 1020 1954 et
1033 1893 1196 1970 ingratum
1209 1891 1286 1952 artis
1299 1891 1426 1969 legibus
1441 1886 1569 1950 subiun-

270 2001 372 2063 xisset
388 2021 560 2082 musasque
583 2002 717 2064 incultas
733 2024 942 2084 summopere
964 2002 1169 2074 celebrasset,
1200 2000 1402 2088 recteyerg.
1428 1997 1485 2062 ecl.
1502 2013 1568 2074 41.

271 2109 425 2174 Sicelides
441 2111 560 2184 Musas,
587 2111 643 2173 ecl.
663 2115 726 2177 8.1.
747 2112 939 2193 Syracusios
954 2132 1076 2177 versus.
1101 2111 1151 2183 al,
1171 2109 1339 2192 appellans
1354 2107 1570 2172 Theocritum

271 2220 460 2302 designavit.
507 2221 557 2282 Eo
582 2223 711 2283 nomme
736 2231 868 2283 cantum
885 2222 1075 2293 bucolicum,
1101 2220 1256 2301 quoniam
1280 2227 1365 2281 teste
1380 2217 1480 2279 schol.
1498 2235 1570 2297 pro-

270 2329 354 2409 legg.
371 2329 420 2402 II.,
438 2329 546 2392 Probo
563 2331 720 2412 (prolegg.
739 2333 781 2393 ad
797 2332 895 2411 Verg.
914 2332 1013 2413 buc),
1032 2331 1193 2392 Diomede
1213 2331 1268 2412 (de
1284 2339 1364 2392 orat.
1380 2328 1430 2390 III.
1448 2349 1480 2408 p.
1497 2329 1572 2402 483.

272 2440 322 2504 ed,
346 2440 475 2524 Putzch)
499 2440 548 2514 al,
572 2442 641 2503 coll.
668 2439 806 2507 Theocr.
831 2442 852 2502 I.
876 2458 922 2520 19.
941 2440 1009 2503 Vll.
1031 2455 1092 2520 71,
1118 2440 1227 2506 Holm.
1258 2439 1342 2504 Hist.
1360 2437 1423 2500 Sic.
1448 2437 1569 2516 antiqu.

272 2549 309 2614 II.
332 2570 364 2630 p.
390 2561 464 2626 311.
490 2551 632 2614 carmina
665 2552 813 2613 bucolica
842 2552 905 2613 iam
935 2561 1009 2612 ante
1033 2550 1198 2612 Theocriti
1228 2558 1382 2611 aetatem.
1400 2547 1432 2608 in
1456 2544 1570 2624 Libya,

272 2659 361 2731 Asia,
386 2659 535 2732 Arcadia,
560 2659 598 2722 al.
624 2660 831 2734 canebantur,
856 2681 931 2722 mea
954 2661 1087 2741 quidem
1117 2659 1277 2721 sententia
1310 2667 1397 2720 certe
1429 2677 1495 2718 non
1518 2675 1572 2735 ap-

272 2768 455 2850 pellassent,
481 2769 539 2830 nisi
562 2769 764 2833 Theocritus
780 2772 860 2852 ipse,
885 2790 1031 2832 summus
1054 2769 1276 2832 bucolicorum
1300 2777 1408 2850 poeta,
1435 2767 1572 2847 Syracu-

273 2899 369 2940 sanus
393 2877 511 2941 suisset.

382 2989 476 3050 Hanc
506 2998 654 3052 veterum
684 2991 725 3052 de
754 2989 920 3052 Theocriti
949 2991 1053 3071 patria
1082 2991 1276 3052 sententiam
1307 3008 1398 3050 suam
1429 2986 1575 3048 fecerunt

276 3099 297 3158 ii
320 3098 377 3159 viri
402 3099 498 3171 docti,
524 3101 579 3180 qui
605 3109 744 3162 exeunte
768 3100 876 3160 medio
894 3120 975 3163 aevo
1000 3100 1122 3161 maiore
1138 3099 1247 3161 studio
1272 3099 1302 3160 in
1320 3096 1485 3160 Theocriti
1509 3115 1573 3157 car·

277 3207 364 3269 mina
386 3208 633 3294 inquisiverunt3
656 3219 756 3272 testes
781 3211 912 3272 nomino
937 3209 1015 3275 hos:
1044 3207 1228 3272 »Theocriti
1253 3207 1406 3271 Siracusii
1431 3205 1575 3270 εἰδύλλια

276 3325 403 3398 septem
427 3319 534 3398 priora
557 3339 577 3379 a
598 3317 756 3381 Philetico
787 3320 819 3382 in
841 3320 995 3382 Latinum
1018 3340 1147 3382 carmen
1178 3319 1353 3379 traducta«
1380 3353 1422 3362 -
1450 3315 1574 3378 ›Theo-

277 3426 346 3486 criti
363 3424 557 3506 Syracusani
572 3428 685 3508 Idyllia
703 3429 834 3509 triginta
850 3449 909 3491 sex
921 3429 1020 3492 latino
1034 3429 1175 3491 carmine
1188 3428 1314 3490 reddita
1327 3425 1422 3487 Helio
1435 3426 1574 3486 Eobano

276 3533 384 3595 Hesso
408 3534 614 3616 interprete<
641 3536 682 3600 al.

383 3643 433 3705 Ea
454 3655 654 3725 argumenta,
680 3667 765 3727 quae
788 3646 894 3710 adhuc
918 3649 1046 3730 protuli,
1072 3649 1182 3711 omnia
1207 3668 1245 3709 ea
1268 3647 1429 3727 gravitate
1453 3663 1572 3717 carere,

278 3754 442 3834 utpotius
467 3774 540 3816 cum
564 3754 683 3819 Suidae
716 3766 794 3818 nota
817 3754 847 3820 οἱ
871 3756 906 3820 δέ
926 3775 1006 3838 φασι
1031 3761 1139 3842 Korou,
1173 3759 1213 3820 de
1247 3778 1313 3839 quo
1344 3757 1412 3837 ipse
1443 3775 1575 3835 quoque

277 3864 404 3924 videtur
427 3864 602 3939 dubitasse,
620 3864 784 3940 faciamus,
811 3867 888 3928 mihi
911 3888 975 3930 non
998 3878 1046 3930 est
1063 3887 1263 3950 persuasum.
1311 3867 1449 3928 Rectam
1465 3874 1573 3925 autem

278 3982 311 4034 et
344 3975 386 4034 ab
421 3975 508 4035 omni
542 3984 635 4056 parte
669 3975 796 4038 firmam
829 3978 898 4040 eius
933 3975 1038 4040 notae'
1067 3979 1255 4059 opinionem
1287 3974 1500 4037 defenderunt
1532 3974 1575 4034 in-

278 4083 389 4162 primis
417 4083 612 4147 Fritzschius
624 4083 648 4167 ¹)
682 4096 715 4148 et
744 4084 975 4170 Ahrensius²):
1012 4088 1157 4150 defendit
1188 4085 1381 4149 Fritzschius
1415 4085 1512 4146 etiam
1542 4083 1575 4144 in

279 4209 537 4218 ——1——0—

391 4287 407 4356 ¹)
429 4291 485 4340 »De
498 4293 578 4355 poetis
591 4292 744 4343 Graecorum
756 4293 903 4344 bucolicis«.
934 4296 966 4342 D.
977 4295 998 4358 J.
1017 4295 1106 4344 Gissae
1123 4294 1189 4354 1844
1202 4307 1253 4360 p.3
1277 4294 1373 4342 »Coum
1391 4269 1482 4356 genere
1501 4289 1577 4338 luisse

279 4389 381 4430 testatur
390 4381 506 4432 Suidas«.
520 4401 544 4449 p.
556 4383 587 4436 8:
610 4402 703 4434 »nova
711 4403 802 4450 mque
821 4387 927 4452 paulam
938 4386 1071 4450 Syracusas
1083 4388 1200 4436 habuisse
1213 4385 1366 4451 cognomina
1378 4383 1520 4432 declarant·
1534 4369 1596 4448 (ils

388 4472 407 4542 ²)
428 4475 521 4533 Phnol,
541 4475 609 4527 Gott.
627 4478 675 4526 vol.
695 4479 752 4526 VII.
772 4479 804 4527 cf.
823 4497 847 4544 p.
872 4491 910 4527 12.
934 4480 966 4528 ad
984 4479 1018 4528 id.
1043 4492 1063 4540 1,
1080 4490 1126 4540 57:
1151 4479 1200 4527 »Es
1218 4479 1249 4526 ist
1270 4477 1339 4526 ulcht
1357 4493 1387 4525 zu
1406 4473 1576 4533 verwundern,

280 4581 351 4614 wenn
371 4567 414 4616 der
433 4568 536 4617 Dichter
553 4568 607 4616 hier
624 4569 676 4618 und
695 4570 728 4619 da
742 4571 933 4635 Erinnerungen
952 4587 985 4620 an
1004 4571 1045 4620 die
1063 4571 1220 4622 Loealituten
1240 4572 1321 4620 seiner
1340 4564 1577 4618 Geburtsinsel

281 4659 345 4708 Cos
363 4661 407 4709 hat
426 4660 565 4709 einflIessen
584 4661 673 4713 lassen.
