3500 5498
919 463 960 524 92

838 537 1048 548 Μ

822 663 1018 736 Excursus
1043 661 1072 734 l.

403 837 510 902 Schol.
537 833 637 902 r‘vrdd.
663 839 763 903 XVll.
798 838 838 901 de
870 840 1035 902 Theocriti
1066 838 1214 901 carminis
1244 837 1333 898 initio
1365 835 1532 898 adnotavit
1552 833 1592 920 ¹):

289 945 431 1036 Άρατείᾳ
454 947 486 1012 δὲ
509 941 660 1032 κέχρηται
688 947 827 1032 εἰσβολῇ,
861 950 977 1031 quibus
1000 949 1209 1012 Theocritum
1232 947 1323 1010 Arati
1348 946 1593 1008 Phaenomeno-

297 1080 365 1122 rum
391 1061 561 1123 exordium
585 1057 626 1120 ad
650 1079 685 1120 se
699 1060 881 1122 vindicasse
904 1059 1110 1142 comprobari
1127 1059 1284 1140 Bergkius
1308 1057 1382 1140 (ind.
1401 1056 1499 1119 schol.
1517 1056 1592 1121 Hal.

297 1170 404 1232 Viteb.
436 1170 540 1253 1861.)
571 1180 690 1232 censet.
738 1170 775 1232 Id
807 1179 893 1232 certe
925 1171 1074 1233 carminis
1096 1170 1210 1232 Aratei
1234 1169 1401 1230 exordium
1424 1176 1491 1232 est:
1517 1186 1593 1228 eam

296 1289 407 1342 autern
430 1280 473 1342 ob
498 1299 628 1343 causam
653 1282 763 1342 statim
779 1279 992 1342 Theocritum
1008 1279 1099 1342 Ar'ati
1123 1279 1317 1342 imitatorem
1342 1286 1490 1350 statuere,
1517 1296 1594 1338 cnm

296 1390 434 1452 Aratum
457 1409 588 1451 carmen
612 1389 807 1452 didacticum
838 1389 914 1451 illud
944 1399 1020 1451 ante
1044 1389 1207 1452 Theocriti
1231 1390 1272 1451 id.
1298 1387 1397 1452 XVII.
1423 1387 1593 1469 scripsisse

297 1499 383 1561 nullo
408 1499 507 1563 modo
530 1501 631 1582 possit
661 1501 884 1573 demonstrari,
910 1475 1064 1562 audacius
1093 1500 1170 1562 mihi
1194 1500 1328 1561 videtur.
1377 1497 1452 1578 Quo
1476 1497 1593 1558 melius

297 1619 406 1672 autem
441 1608 524 1671 hanc
560 1611 784 1691 quaestionem
815 1611 856 1672 ad
890 1611 988 1674 finem
1021 1612 1238 1691 perducamus
1267 1610 1352 1672 vitae
1373 1608 1465 1671 Arati
1489 1627 1594 1669 annos

296 1719 488 1801 principales
517 1719 669 1783 brevibus
691 1740 776 1783 nunc
807 1730 1000 1802 repetamus.
1046 1721 1150 1784 Natus
1177 1729 1227 1783 est
1253 1741 1340 1782 anno
1370 1718 1436 1782 lere
1462 1735 1536 1798 300.
1563 1739 1592 1784 a.

296 1828 369 1890 Chr.
396 1850 427 1895 n.
446 1829 549 1913 Solis;
574 1831 657 1893 circa
680 1851 800 1893 annum
820 1834 892 1896 280.
918 1852 945 1897 a.
972 1831 1045 1895 Chr.
1069 1853 1098 1895 n.
1123 1832 1154 1893 in
1179 1830 1279 1893 insula
1295 1829 1343 1893 Co
1361 1830 1418 1891 arti
1444 1829 1592 1891 medicae

296 1957 428 2019 operam
453 1938 553 2015 dedit,
578 1939 694 2001 deinde
718 1939 866 2002 Athenas
890 1942 932 2003 ad
955 1941 1118 2004 Zenonem
1136 1941 1281 2004 Stoicum
1305 1961 1340 2002 se
1364 1939 1509 2006 contulit.
1537 1939 1594 2018 qui

297 2067 371 2110 eum
402 2067 464 2108 una
494 2067 567 2110 cum
590 2049 732 2111 Persaeo
763 2069 848 2112 anno
880 2051 946 2112 fere
978 2065 1051 2132 277.
1081 2072 1107 2113 a.
1139 2051 1212 2114 Chr.
1246 2071 1276 2116 n.
1309 2051 1351 2112 ad
1384 2050 1593 2130 Antigonum

297 2156 459 2220 Gonatam
489 2157 521 2220 in
554 2158 779 2222 Macedoniam
810 2161 903 2222 misit.
953 2156 1156 2236 Ἐπισταθεὶς
1169 2161 1212 2225 δε
1241 2163 1291 2244 τῷ
1313 2163 1437 2240 βασιλεῖ
1458 2166 1595 2242 πρῶτον

296 2266 355 2350 μὲν
371 2262 473 2331 αὑτοῦ
497 2270 617 2352 ποίημα
641 2264 769 2352 ἀνέγνω
792 2268 899 2345 τὸείς
923 2270 983 2335 τὸν
1006 2271 1100 2336 Πᾶνα
1121 2281 1182 2356 τῆς
1195 2267 1368 2353 Ἀρκαδίας,
1394 2270 1482 2353 (Vita
1499 2270 1591 2332 Arat.

295 2378 347 2440 ΙΙΙ.
367 2394 412 2457 19.
432 2399 463 2460 p.
484 2381 532 2457 58.
549 2377 746 2461 Westerm.),
764 2400 830 2461 quo
847 2383 986 2444 carmine
1003 2383 1072 2445 sine
1089 2383 1188 2444 dubio
1205 2382 1427 2444 celebrabatur
1442 2380 1590 2451 victoria,

296 2507 394 2569 quam
419 2488 606 2568 Antigonus
638 2489 726 2551 Pane
755 2491 902 2554 adiutore
931 2494 978 2573 (ut
1008 2493 1196 2570 credebant)
1226 2513 1244 2553 a
1285 2489 1384 2554 Gallis
1415 2491 1593 2582 reportavit

295 2596 355 2680 (cf.
388 2598 520 2661 Usener.
553 2598 677 2660 dissert.
707 2599 754 2682 l).
778 2580 947 2664 Remansit
977 2612 1086 2664 autem
1116 2602 1235 2665 Aratus
1265 2601 1351 2683 apud
1384 2600 1592 2679 Antigonum

297 2704 461 2769 Gonatam
486 2708 555 2770 sine
579 2708 679 2771 dubio
703 2730 804 2791 usque
828 2712 870 2773 ad
892 2731 1011 2774 annum
1036 2729 1107 2793 274.
1136 2733 1165 2774 a.
1191 2710 1264 2776 Chr.
1291 2732 1331 2784 n.,
1362 2731 1428 2792 quo
1451 2710 1593 2790 Pyrrhus

295 2819 429 2900 Epirota
460 2839 493 2880 re
522 2828 637 2880 contra
667 2819 835 2881 Romanos
865 2822 948 2884 male
978 2832 1071 2903 gesta
1100 2843 1142 2884 ex
1174 2822 1264 2886 ltalia
1297 2821 1399 2883 redux
1433 2833 1592 2904 προεῖπεν

295 2924 460 3012 Ἀντιγόνῳ
484 2927 627 3011 πόλεμον
651 2923 734 2992 ἄλλα
756 2952 792 2993 τε
808 2931 1002 3014 ποιούμενος
1024 2931 1209 3016 ἐγκλήματα
1225 2931 1279 2995 καὶ
1301 2929 1442 3014 μάλιστα
1464 2933 1523 3014 τῆς
1546 2929 1593 3005 εἰς

296 3034 431 3103 Ἰταλίαν
465 3040 617 3123 βοηθείας
652 3040 842 3123 διαμαρτίαν
877 3042 977 3122 (Paus.
1012 3043 1033 3105 l.
1070 3060 1116 3122 13.
1152 3045 1205 3124 2.).
1253 3041 1303 3102 Eo
1338 3041 1470 3122 quidem
1504 3041 1592 3102 bello

297 3149 485 3230 Antigonus
507 3151 590 3212 adeo
616 3158 664 3211 est
686 3151 841 3223 devictus,
867 3161 958 3214 utet
982 3154 1140 3216 exercitus
1164 3154 1205 3214 ad
1230 3150 1385 3233 Pyrrhum
1409 3149 1592 3232 transfuge-

296 3269 345 3321 ret
367 3269 399 3322 et
421 3280 557 3340 regnum
583 3261 650 3322 eius
674 3270 924 3341 expugnaretur.
973 3263 1102 3325 Dimisit
1133 3272 1204 3326 tum
1226 3262 1350 3324 Philam
1382 3279 1516 3324 uxorem
1549 3261 1592 3322 ad

297 3369 497 3432 Antiochum
521 3369 660 3441 fratrem,
686 3390 784 3451 quam
809 3371 930 3434 Aratus
952 3383 1051 3454 poeta
1074 3374 1249 3435 comitatus
1273 3381 1337 3437 est:
1364 3372 1395 3433 in
1419 3392 1458 3432 eo
1475 3371 1590 3433 itinere

298 3478 432 3542 fortasse
464 3481 506 3543 ad
542 3480 680 3542 insulam
714 3477 785 3543 Con
821 3481 959 3544 devertit
995 3481 1043 3566 (cf.
1079 3484 1204 3547 Usener
1227 3483 1245 3547 l.
1270 3481 1300 3564 l.)
1343 3481 1416 3544 Huc
1438 3490 1590 3563 spectare

295 3590 444 3653 videntur
467 3591 584 3672 biogrr.
608 3591 720 3652 verba:
744 3591 910 3668 Δοσίθεος
934 3588 980 3658 δ’ὁ
1003 3591 1172 3667 πολιτικὸς
1195 3591 1230 3656 ἐν
1253 3595 1302 3675 τῷ
1325 3591 1408 3674 πρὸς
1424 3589 1593 3675 Διόδωρον

296 3697 407 3764 ἐλθεῖν
430 3717 529 3785 φησιν
552 3696 655 3764 αὑτὸν
676 3700 732 3764 καὶ
764 3701 847 3786 πρὸς
876 3698 1028 3786 Ἀντίοχον
1056 3702 1116 3768 τὸν
1148 3702 1313 3768 Σελεύκου
1343 3703 1397 3765 καί
1427 3701 1597 3785 διατρῖψαι

297 3810 373 3895 παρ’
405 3807 497 3894 αὐτῷ
525 3809 682 3894 χρόνον
714 3808 862 3877 ἱκανόν
891 3822 1003 3876 et....
1035 3812 1080 3888 είς
1103 3813 1229 3896 Σνρίαν
1250 3809 1445 3896 ἐληλυθέναι
1468 3812 1522 3874 καὶ
1546 3833 1597 3894 γε·

296 3919 424 4003 γονίναι
447 3920 523 4004 παρ’
539 3918 693 4003 Άντιόχω
712 3921 767 3985 καὶ
788 3917 948 4007 ἠξιῶσθαι
971 3918 1026 3987 r‘vr’
1045 3907 1147 3988 αὐτοῦ
1177 3916 1260 3986 ὥστε
1281 3920 1343 4006 τὴν
1366 3920 1482 3986 Ἰλιάδα
1513 3920 1595 4007 διορ-

296 4027 472 4094 θώσασθαι
495 4028 548 4095 διὰ
573 4029 612 4095 τὸ
641 4025 863 4096 διιδπολλῶν
887 4031 1100 4115 λελυμάνθαι.
1146 4033 1207 4095 Per
1238 4032 1371 4112 longum
1396 4032 1491 4112 igitur
1514 4041 1595 4094 tem-

297 4161 358 4222 pus
391 4140 513 4202 Aratus
544 4142 631 4223 apud
661 4141 877 4216 Antiochum,
911 4142 965 4204 ubi
1001 4142 1133 4205 Iliadem
1172 4143 1347 4216 recensuit,
1373 4152 1597 4205 commoratus

296 4258 362 4315 est:
388 4270 453 4332 quo
477 4259 586 4313 autem
610 4271 695 4320 anno
719 4253 885 4314 reverterit
907 4253 947 4314 ad
971 4253 1177 4333 Antigonum
1200 4253 1256 4315 vix
1286 4261 1394 4332 potest
1424 4251 1597 4328 enucleari,

296 4356 431 4423 fortasse
453 4361 514 4422 sub
532 4358 630 4424 finem
652 4363 739 4425 vitae
756 4363 921 4433 Antiochi,
940 4363 958 4424 i.
980 4384 1006 4429 e.
1024 4365 1106 4427 circa
1131 4384 1158 4426 a.
1179 4364 1252 4426 261.
1272 4383 1300 4429 a.
1318 4361 1392 4430 Chr.
1417 4383 1447 4426 n.
1495 4361 1598 4443 Quod

297 4491 337 4534 eo
361 4472 487 4534 videtur
510 4473 730 4555 comprobari,
757 4473 846 4556 quod
863 4492 965 4553 usque
982 4473 1024 4535 ad
1037 4493 1112 4536 eum
1124 4494 1243 4537 annum
1260 4473 1428 4553 Antigono
1448 4473 1597 4554 gravissi·

310 4595 568 4606 *uu—*—

414 4665 429 4734 ')
450 4666 510 4716 Non
528 4665 599 4716 affert
617 4681 647 4714 ea
667 4667 743 4716 verba
762 4667 877 4727 Ahrens,
898 4682 957 4716 nam
979 4667 1076 4718 »omisit
1097 4668 1132 4717 M.
1153 4665 1267 4717 Genu..

667 4909 673 4944 l
