3500 5498
776 555 817 631 97

693 642 904 650 ..-ᾡς-...ῃ

147 765 328 846 proprium.
375 765 488 847 Itaque
512 776 640 845 poetae,
665 766 819 844 quoniam
833 759 954 849 Ἀργεία
977 763 1136 846 Polynicis
1162 786 1244 829 uxor
1264 765 1349 839 erat,
1373 765 1439 828 scri

147 874 294 936 bendum
318 883 401 936 erat:
428 873 575 958 Δηιπύλη
597 871 771 958 κυανδφρυ
793 877 856 938 κτλ
869 878 901 956 ¹).

653 1064 849 1137 Excursus
879 1063 939 1138 lv.

255 1239 417 1302 Theocrit.
450 1241 491 1304 id.
523 1240 622 1302 XVII.
663 1260 724 1301 vss.
758 1240 809 1302 68.
843 1213 935 1321 seqq.¹
963 1239 1065 1302 insula
1089 1239 1155 1304 Cos
1179 1242 1260 1304 haec
1282 1241 1442 1322 loquitur:

308 1347 344 1412 ἐν
368 1348 400 1413 δὲ
421 1352 477 1437 μιᾷ
499 1352 574 1437 τιμᾷ
601 1350 737 1431 Τρίοπος
750 1353 920 1426 ,καταθεῖο
943 1348 1083 1438 κολώνη,

309 1453 379 1523 ἶοον
402 1457 594 1542 Δωριέεοοιν
617 1458 704 1542 νέμω
727 1457 822 1543 γέρας
843 1456 939 1543 ἐγγὺς
961 1439 1079 1538 ἐοῦσιν,

308 1562 406 1632 ὅσσον
428 1570 482 1633 καὶ
502 1561 651 1652 Ῥηναιαν
671 1561 752 1652 ἄναξ
774 1565 926 1654 ἐφίλησεν
936 1565 1114 1644 hadita»,

146 1680 189 1740 ad
215 1697 297 1758 quae
321 1679 494 1744 scholiasta
517 1679 597 1741 haec
613 1679 781 1742 adnotavit
804 1681 861 1762 (vs.
880 1681 955 1760 69):
980 1671 1089 1763 ἄγεται
1111 1680 1144 1744 δὲ
1166 1683 1260 1762 κοινῇ
1284 1675 1350 1744 ὑπὸ
1373 1687 1442 1743 τῶν

146 1787 301 1873 Δωριέων
330 1785 420 1872 ἀγὼν
451 1766 503 1852 ἐνΙ
521 1790 663 1872 Τριοπίῳ
687 1788 843 1871 Νύμφαις
878 1790 1056 1855 Ποσειδῶνι
1085 1786 1265 1854 Ἀπόλλωνι.
1297 1793 1443 1854 καλεῖται

145 1897 182 1964 τὲ
206 1896 329 1981 Δώριος
352 1893 371 1961 ὁ
392 1897 492 1982 ἀγών,
517 1891 762 1983 ὡςΔριοτελδης
785 1901 894 1984 φησίν.
945 1898 1099 1984 Τριόπιον
1121 1900 1155 1965 δὲ
1187 1897 1255 1964 ἀπὸ
1288 1899 1441 1983 Τριοπῒου

142 2018 206 2074 τοῦ
233 2007 423 2092 Φόρβαντος
446 2009 625 2091 (Murrcker.
651 2003 954 2091 Ziegler.}'1davrog
977 2011 1049 2076 cod.
1073 2020 1106 2072 et
1127 2011 1229 2092 vulg.)
1254 2003 1299 2084 ὡς
1321 2008 1357 2072 ἐν
1372 2023 1443 2086 τοῖς
1530 2074 1533 2084 ,

142 2121 219 2203 περὶ
245 2120 374 2194 Κνιδίας
405 2103 535 2203 (Ῥόδου
567 2119 711 2201 Duebn.)
741 2117 851 2184 Ἰάσων
890 2121 997 2204 φησίν.
1031 2140 1076 2181 vs.
1118 2093 1172 2183 '68.
1212 2118 1443 2203 [ΦιλῙαδέλφου

141 2228 385 2304 ἐσπουδακότος
429 2229 503 2313 περὶ
545 2227 608 2312 τὴν
640 2226 675 2291 ἐν
714 2233 764 2313 τῷ
805 2228 948 2313 Τριοπΐῳ
996 2237 1064 2294 τῶν
1107 2228 1263 2313 Δωριέων
1303 2229 1440 2294 σύνοδον

140 2340 199 2403 καὶ
221 2339 283 2423 τὴν
294 2336 417 2404 αὐτόθι
430 2337 598 2422 ὁρωμένην
618 2338 804 2423 πανήγυριν
825 2342 880 2404 καὶ
902 2338 963 2406 τόν
986 2336 1099 2424 ἀγῶνα
1120 2338 1180 2404 τὸν
1199 2336 1359 2423 ἀγόμενον
1379 2342 1440 2405 Πο

141 2449 270 2513 σειδώνι
298 2450 352 2513 καὶ
375 2448 538 2533 Νύμφαις.
590 2450 642 2512 Ex
672 2451 789 2530 quibus
819 2471 1022 2532 consequens
1052 2459 1110 2524 est,
1136 2471 1176 2512 eo
1200 2460 1348 2532 tempore
1373 2472 1439 2532 quo

141 2561 363 2640 compositum
388 2569 436 2620 est
460 2560 522 2622 hoc
546 2559 699 2640 idyllium,
725 2559 837 2622 Carine
862 2561 993 2642 quidem
1019 2572 1251 2642 campartem,
1278 2561 1333 2622 ubi
1371 2560 1444 2624 Cni-

142 2671 205 2732 dos
228 2671 289 2732 sita
313 2678 370 2743 est,
398 2669 599 2751 Philadelphi
624 2670 835 2732 dominationi
859 2671 1039 2732 subiectam
1061 2672 1125 2732 iam
1159 2691 1230 2733 esse
1263 2680 1296 2734 et
1329 2692 1440 2752 regem

142 2790 215 2842 tum
237 2780 269 2840 id
294 2781 434 2841 maxime
458 2780 575 2860 egisse,
600 2789 636 2841 ut
658 2781 895 2854 certaminibus
920 2801 1003 2862 quae
1026 2782 1069 2842 ibi
1094 2779 1284 2862 agebantur,
1319 2802 1440 2862 magno

142 2889 316 2973 splendore
338 2890 534 2951 exornandis
556 2889 769 2952 Doriensibus
791 2890 1009 2972 Pentapolidis
1036 2891 1278 2972 gratificaretur.
1328 2893 1440 2974 Atque

142 3020 220 3062 cum
240 3010 310 3062 tota
332 3001 373 3062 de
396 3010 504 3063 aetate
521 3000 619 3080 idyllii
635 3000 736 3065 XVll.
754 3001 956 3080 computatio
979 3012 1088 3064 nostra
1110 3023 1196 3064 anno
1220 3003 1293 3081 265.
1318 3023 1346 3068 a.
1364 2999 1437 3064 Chr.

143 3131 174 3172 n.
201 3109 328 3172 Cariam
351 3111 510 3192 Aegypto
535 3111 597 3172 iam
622 3130 785 3172 annexam
815 3130 886 3172 esse
916 3112 1118 3192 comprobet,
1153 3133 1192 3174 ea
1220 3112 1394 3174 certamina
1419 3131 1438 3174 a

143 3220 353 3302 Philadelpho
377 3231 447 3282 tum
471 3222 535 3282 iarn
558 3221 733 3283 instaurata
757 3240 827 3282 esse
856 3221 985 3284 debent.
1034 3222 1216 3283 Mirandum
1247 3231 1357 3284 autem
1391 3232 1441 3284 est

142 3331 234 3411 quod
255 3329 354 3391 schol.
379 3330 496 3392 Theor.
522 3330 574 3392 illa
597 3332 772 3392 certamina
794 3332 956 3412 nymphis,
988 3331 1153 3410 Neptun0,
1186 3330 1340 3412 Apolloni
1373 3340 1439 3394 tan·

142 3441 326 3512 tummodo,
359 3459 424 3501 non
455 3438 563 3501 Cereri
594 3449 667 3502 acta
696 3461 767 3503 esse
797 3441 933 3523 scripsit,
971 3461 1171 3523 quamquam
1199 3440 1275 3502 huic
1309 3460 1440 3521 quoque

148 3549 228 3611 deae
258 3550 301 3612 ibi
332 3570 423 3611 sacra
453 3550 710 3631 splendidissime
730 3551 817 3612 'acta
840 3570 911 3612 esse
946 3560 1072 3613 constat
1082 3552 1113 3633 λ).
1163 3550 1304 3631 Triopas
1342 3551 1436 3625 enim,

257 3745 273 3815 ¹)
294 3747 333 3796 De
352 3746 684 3796 wilamowitz-Mouendors
707 3747 732 3794 in
757 3746 857 3810 ephem.
886 3747 991 3796 Hermes
1023 3747 1073 3796 vol.
1102 3759 1141 3806 14.
1169 3755 1186 3796 t.
1214 3759 1236 3796 α.
1262 3747 1343 3796 Berol.
1372 3746 1439 3810 1879

144 3837 222 3903 (nDie
250 3839 411 3888 Galliamben
439 3837 483 3886 des
511 3837 681 3888 Callimachus
709 3839 760 3887 und
788 3837 929 3907 Catullus«)
956 3855 983 3904 p.
1010 3851 1070 3888 200.
1095 3854 1120 3888 n.
1144 3851 1165 3886 ι,
1188 3841 1258 3888 haec
1285 3839 1435 3904 disputavit:

146 3952 157 3974 ι
168 3975 172 3984 ,
185 3975 191 3987 ,
204 3977 226 3987 ,,
244 3931 285 3980 die
298 3930 474 3994 llerausgeber
492 3930 593 3979 denken
613 3931 679 3980 wohl
698 3947 729 3980 an
750 3931 790 3980 die
809 3931 925 3980 Psalmen
944 3931 988 3982 des
1005 3931 1164 3997 Apollinaris,
1185 3934 1244 3982 aher
1264 3933 1333 3981 nicht
1351 3933 1437 3995 daran,

143 4025 202 4072 dass
220 4022 389 4073 Callimachus
408 4024 461 4071 hier
479 4021 567 4088 (epigr.
589 4033 630 4086 51.
652 4025 762 4074 Meinek.
784 4041 818 4073 vs.
841 4024 876 4090 3.)
899 4025 1045 4074 Tbeocritos
1063 4040 1099 4072 vs.
1123 4036 1164 4085 17.
1187 4035 1227 4088 57.
1247 4023 1294 4073 in's
1312 4025 1439 4075 Gedacht·

142 4118 193 4166 niss
212 4117 274 4180 rust,
295 4119 420 4187 αἰχμηιηί
441 4117 607 4184 Πτολεμαίῳ
628 4113 760 4183 α’ρίζαλος
780 4123 933 4185 Βιρινίκα,
954 4116 1067 4182 zugleich
1087 4118 1140 4167 also
1160 4118 1199 4166 die
1218 4117 1326 4166 iebende
1339 4118 1437 4166 Ftirstin

140 4211 206 4258 ihrer
223 4211 474 4270 Namensschwesler,
497 4210 540 4258 der
570 4205 624 4260 δαὶ
656 4207 775 4277 σώιιιρα
795 4211 958 4278 parallelisirt,
977 4209 1047 4258 und
1067 4209 1137 4257 dem
1156 4209 1362 4259 Theokritos
1382 4211 1436 4258 ein

141 4302 390 4367 Compliment
418 4303 559 4368 macht.¹
583 4304 666 4352 Dem
697 4322 736 4354 zu
760 4303 879 4353 Ehren
901 4304 950 4352 ist
975 4303 1037 4351 das
1062 4301 1227 4350 Gedicht
1255 4302 1348 4351 auch
1373 4303 1437 4351 do-

139 4395 256 4453 risch;
285 4412 348 4444 nur
376 4391 516 4459 τηναις
543 4395 648 4446 h'atte
675 4397 762 4446 ubel
789 4397 1035 4461 geklnngen·.
1072 4392 1148 4454 Quod
1173 4395 1241 4443 unde
1267 4394 1377 4446 hauserit
1394 4395 1435 4443 vel

138 4488 268 4550 quomodo
285 4491 449 4554 comprabare
467 4488 525 4538 velit
544 4490 580 4537 vir
597 4489 755 4539 doctissimus
774 4490 890 4554 equidem
909 4504 961 4538 non
979 4487 1060 4536 video.

247 4577 267 4646 ²)
288 4580 352 4630 »Die
370 4582 474 4645 Mythen
492 4597 541 4629 von
559 4581 665 4646 Triopas
683 4583 734 4630 und
754 4583 843 4630 dessen
861 4579 932 4630 Sohn
950 4579 1116 4643 Erysichthon
1137 4575 1162 4644 (i.
1181 4595 1205 4643 q.
1234 4579 1335 4644 Robigo
1353 4580 1436 4628 Korn·

137 4671 218 4721 brand
246 4668 329 4739 (Rost)
355 4673 387 4723 cs.
408 4673 615 4724 Forchhammer.
642 4675 775 4724 Hellenica
793 4691 812 4723 s.
832 4691 853 4723 v.
876 4670 1254 4737 EPYthOssN)beziehen
1273 4671 1327 4720 sich
1346 4672 1435 4720 immer

136 4765 184 4814 aui
199 4766 254 4813 eine
273 4767 466 4830 Aclrerreligion,
487 4766 527 4815 die
545 4767 659 4832 zugleich
678 4767 765 4816 Cultus
784 4766 827 4814 der
845 4767 982 4816 Unterwelt
1000 4766 1038 4816 ist.
1070 4765 1158 4816 Dieser
1174 4764 1264 4814 Cultus
1283 4764 1327 4812 mit
1348 4765 1432 4813 seinen
