3500 5498
924 504 963 564 82

290 713 351 775 bus
374 713 551 776 secundum
575 733 681 776 meam
702 717 894 778 sententiam
920 715 1137 798 compositum
1161 722 1209 778 est
1231 712 1294 775 hoc
1316 731 1454 784 carmen,
1479 711 1584 774 Ptole-

292 843 403 884 maeus
427 819 512 907 ὄλβᾳτ
539 824 557 890 i.
575 845 601 886 e.
631 826 735 886 omnis
764 825 923 888 felicitatis
947 828 1043 908 copia
1068 824 1208 907 reliquos
1232 843 1335 904 reges,
1360 843 1441 903 quos
1467 823 1586 904 partim

292 932 381 995 bellis
417 934 480 996 iam
514 933 690 1010 devicerat,
727 937 912 1017 superabat.
968 936 1030 997 lllis
1065 945 1175 997 autem
1208 934 1429 1015 temporibus,
1466 933 1586 1013 quibus

293 1043 493 1122 Droysenius
517 1064 645 1105 carmen
674 1047 891 1128 compositum
921 1067 991 1108 esse
1015 1048 1141 1118 statuit,
1176 1064 1250 1108 cum
1274 1043 1489 1125 potentissimi
1514 1043 1584 1104 eius

292 1153 407 1215 aetatis
425 1153 509 1232 regis
534 1173 648 1216 manus
671 1163 703 1217 et
726 1155 858 1218 consilia
880 1159 1136 1229 consociassent„
1155 1164 1190 1217 ut
1214 1173 1313 1216 unum
1337 1151 1584 1234 Philadelphum

292 1263 522 1344 opprimerent,
546 1263 577 1324 in
600 1264 734 1326 dubium
752 1267 861 1327 omnia
878 1277 992 1329 vocata
1009 1276 1120 1333 erant:
1143 1276 1242 1347 atque
1260 1283 1333 1327 cum
1350 1263 1450 1325 etiam
1465 1262 1587 1324 bellum

293 1372 517 1453 gravissimum
550 1383 581 1435 et
610 1375 748 1438 cladium
780 1377 911 1458 plenum
942 1377 1169 1439 antecessisset
1204 1384 1337 1457 poetam
1374 1373 1513 1436 aulicum
1545 1373 1588 1434 ab

293 1483 437 1544 omnium
460 1482 599 1545 cladium
623 1486 830 1565 gravissimae
854 1487 984 1548 nomine
1008 1487 1124 1548 infesto
1149 1487 1332 1547 ordientem
1357 1503 1466 1562 regem
1483 1481 1585 1543 Phila·

294 1592 447 1672 delphum
472 1592 688 1656 selicissimum
710 1605 743 1665 et
758 1617 886 1678 semper
903 1597 1058 1660 victorem
1083 1616 1154 1658 esse
1170 1605 1240 1657 tum
1259 1593 1485 1675 pronuntiasse
1509 1613 1589 1657 num.

293 1701 464 1764 verisimile
488 1704 588 1764 videri
612 1705 743 1786 potest?
768 1744 810 1752 —-

399 1813 464 1874 lam
496 1813 537 1874 ad
570 1813 647 1878 alias
674 1817 879 1896 quaestiones
904 1817 1109 1878 accedamus!
1136 1815 1252 1878 Mirum
1282 1823 1392 1875 autem
1415 1823 1471 1886 est,
1498 1814 1589 1893 quod

293 1922 356 1986 hoc
379 1922 520 2003 idyllium
546 1933 668 1987 tautam
700 1947 773 1988 cum
803 1927 933 2007 hymnis
956 1926 1175 1989 Callimacheis
1205 1924 1444 1986 similitudinem
1475 1923 1589 1996 habet,

294 2040 329 2093 ut
352 2052 385 2094 re
410 2035 586 2095 accuratius
610 2053 770 2115 perpensa
794 2037 928 2098 alterum
961 2047 1092 2120 poetam
1117 2037 1253 2098 alterum
1276 2033 1432 2096 imitando
1457 2053 1590 2113 expres-

293 2143 371 2204 sisse
395 2162 461 2210 non
482 2143 550 2205 sine
573 2146 662 2206 omni
685 2147 829 2208 veritatis
851 2147 959 2229 specie
982 2156 1112 2208 statuas.
1162 2145 1273 2225 Atque
1291 2144 1430 2228 primum
1455 2143 1591 2224 quidem

293 2251 355 2314 hoc
373 2253 526 2333 idyllium
548 2273 775 2334 comparemus
798 2277 871 2318 cum
897 2255 1079 2318 Callimachi
1105 2255 1229 2336 hymno
1253 2255 1283 2314 in
1308 2253 1425 2314 lovem.

303 2415 305 2418 .
400 2363 647 2428 Similitudinem
672 2375 780 2428 autem
805 2366 883 2428 haec
906 2368 971 2428 duo
996 2367 1135 2428 carmina
1158 2366 1221 2426 iam
1246 2383 1317 2426 earn
1341 2362 1472 2436 habent,
1497 2364 1591 2444 quod

296 2481 467 2556 utrumque
489 2475 643 2557 scriptum
661 2486 710 2539 est
733 2479 774 2538 ad
791 2477 1021 2540 celebrandum
1039 2477 1258 2538 Ptolemaeum
1275 2474 1311 2535 ll.
1331 2472 1590 2554 Philadelphum.

224 2635 228 2648 .
293 2583 371 2644 Eius
394 2585 478 2663 regis
501 2593 570 2646 tum
594 2587 809 2667 potentissimi
827 2587 961 2668 gloriam
987 2596 1120 2668 uterque
1137 2593 1236 2666 poeta
1259 2583 1319 2645 sibi
1343 2583 1482 2665 sumpsit
1498 2603 1591 2666 prae·

293 2693 463 2756 dicandam
495 2696 627 2774 eiusque
649 2693 802 2779 potentia
832 2697 931 2780 efticit
955 2697 1029 2758 illud
1057 2695 1312 2766 fundamentum,
1338 2694 1460 2773 inquo
1484 2694 1588 2754 ambo

293 2803 433 2866 carmina
456 2825 476 2866 a
499 2807 604 2887 poetis
629 2807 814 2888 aequalibus
837 2807 966 2869 condita
988 2815 1071 2869 sunt.
1119 2807 1293 2868 Accedunt
1309 2814 1417 2865 autem
1442 2824 1492 2864 res
1509 2803 1588 2866 ideo

291 2914 343 2976 vel
366 2915 584 2994 gravissimae,
608 2916 697 2998 quod
713 2917 856 2992 ,alterum
881 2928 1022 3000 poetam>
1038 2916 1165 2998 alterips
1190 2932 1318 2978 carmen
1350 2913 1530 2994 respexisse
1554 2923 1590 2975 et

293 3033 369 3086 ante
392 3023 510 3112 Joculos
539 3025 689 3088 habuisse
715 3063 754 3074 —-
779 3027 989 3090 Theocritum
1025 3027 1110 3088 hunc
1140 3026 1299 3107 hymnum
1332 3021 1591 3096 Callimacheum

294 3143 328 3195 ut
343 3133 422 3196 infra
437 3134 669 3198 demonstrabo
687 3147 857 3216 --aperta
878 3139 907 3200 in
926 3137 961 3199 iis
980 3138 1088 3199 insunt
1104 3138 1248 3217 vestigia.
1286 3135 1459 3198 Ordiamur
1473 3143 1595 3196 autem

293 3243 389 3306 adid
417 3245 705 3307 demonstrandum
729 3268 747 3308 a
771 3249 867 3309 rebus
898 3247 1071 3310 levioribus
1101 3247 1160 3320 vel,
1193 3259 1227 3310 ut
1257 3248 1301 3309 ita
1331 3247 1446 3316 dicam,
1472 3244 1593 3306 exteri·

294 3355 414 3419 oribus.
462 3355 578 3418 Statim
602 3356 728 3417 initium
750 3357 860 3437 hymni
883 3357 1087 3420 Callimachei
1110 3419 1111 3424 ,

452 3463 558 3548 Ζηνὸς
580 3460 626 3528 ἔοι
649 3467 681 3530 τί
702 3489 759 3530 κεν
783 3462 864 3533 ἄλλο
885 3465 975 3552 παρὰ
999 3468 1175 3551 σπουδῇσιν
1198 3463 1315 3532 ἀείδειν

453 3572 551 3638 λώιον
574 3567 594 3659 ἢ
616 3574 698 3642 θεὸν
720 3573 823 3643 αὐτὸν
846 3575 895 3643 ἀεὶ
916 3578 1026 3662 μέγαν,
1050 3577 1118 3642 αἰὲν
1143 3573 1311 3661 diutinam⁴

293 3687 486 3750 Theocritus
508 3687 596 3750 hisce
620 3690 796 3769 expressit:
1222 3751 1223 3754 ,

452 3793 503 3862 Ἐκ
528 3797 603 3873 Διὸς
627 3795 822 3881 ἀρχώμεσθα
843 3801 897 3863 καὶ
920 3797 953 3874 ἐς
975 3799 1034 3863 Δία
1058 3798 1170 3882 λήγετε
1196 3801 1324 3870 Μοῖσαι,

453 3904 636 3972 ἀθανάτων
659 3907 719 3972 τὸν
743 3903 879 3991 ἄριστον
901 3907 984 3993 ἐπὴν
1006 3911 1164 3990 κλείωμεν
1187 3905 1316 3982 ἀοιδαῖς.
1343 3912 1405 3972 κτλ
1421 3905 1450 3988 1).

404 4156 420 4227 ¹)
443 4161 481 4208 lle
500 4155 628 4227 Ἀρατείᾳ
647 4159 764 4223 εἰσβολῇ,
784 4177 859 4225 quarn
879 4161 938 4210 dicit
957 4160 1044 4234 schol,
1064 4159 1114 4209 vid.
1135 4175 1200 4224 quae
1218 4160 1280 4209 inira
1299 4159 1432 4224 disputavi.
1450 4187 1486 4194 -
1506 4159 1600 4207 Theo·

294 4253 380 4302 critum
401 4253 453 4301 sine
471 4253 548 4302 dubio
566 4254 676 4302 imitatus
694 4263 730 4303 est
749 4254 826 4318 Verg.
847 4255 894 4302 ecl.
917 4253 1000 4316 3,6o:
1020 4254 1052 4300 ab
1074 4253 1133 4302 love
1152 4254 1301 4318 principium
1322 4253 1419 4301 Musae.
1450 4251 1598 4315 Vergilium

294 4347 413 4410 expressit
424 4346 541 4395 Horatius
553 4345 593 4394 od.
607 4346 661 4407 3.6:
684 4347 750 4395 Hinc
762 4363 837 4395 omne
850 4345 1006 4412 principium.
1037 4345 1071 4394 Cf
1090 4346 1122 4394 de
1137 4346 1205 4395 hisce
1219 4361 1374 4410 anonymum
1388 4343 1534 4408 quemdam,
1549 4344 1599 4408 qui

294 4439 319 4486 in
338 4439 387 4487 Rh.
407 4437 472 4489 Mus.
493 4439 524 4487 N.
548 4439 576 4487 F.
596 4440 645 4488 vol.
668 4439 790 4488 XXXlll.
809 4458 834 4505 p.
857 4453 917 4502 491.
937 4441 1063 4488 subnoto
1083 4439 1134 4504 on.
1157 4438 1271 4488 Goebelii
1292 4435 1328 4504 (in
1346 4433 1455 4503 lexicol.)
1476 4436 1600 4500 spirandi

294 4531 416 4580 rationem
435 4540 499 4580 tecte
518 4533 669 4595 perstrinxit:
696 4532 762 4580 idem
781 4547 839 4580 vero
857 4541 881 4581 et
900 4533 1037 4596 Vergilium
1061 4532 1158 4581 Horatii
1177 4540 1201 4580 et
1220 4531 1353 4580 Horatium
1374 4527 1477 4592 Vergilii
1496 4527 1597 4576 eodem

295 4622 351 4672 loeo
369 4623 454 4672 statuit
472 4624 628 4686 imitatorem,
649 4626 717 4689 quod
735 4633 801 4675 recte
820 4625 948 4674 adnotavit
966 4625 1054 4674 Cauer.
1075 4625 1173 4690 ephem.
1193 4639 1278 4688 gymn.
1299 4615 1418 4672 XXXlll.¹
1442 4619 1517 4682 1879.
1539 4636 1596 4670 ms.

300 4717 392 4765 octohr.
414 4733 437 4784 p.
460 4727 518 4782 259.
