3500 5498
805 465 838 526 71

720 537 862 546 ..ι-...ω-
879 537 931 546 ...a

176 681 276 744 quem
299 659 487 726 archontem
510 660 750 740 Dittenberger.
769 662 910 744 (ephem.
936 664 1074 726 Hermes
1097 665 1133 726 ll.
1160 687 1190 748 p.
1209 667 1298 748 301.)
1325 666 1471 727 attribuit

176 772 221 836 ol.
251 775 318 834 128.
346 789 374 836 2.
401 781 456 833 aut
480 789 508 850 3.
535 773 589 854 (z
614 791 642 835 a.
670 768 737 846 mqfl
773 782 828 833 aut
854 769 932 848 266ίε.
958 795 984 834 a.
1008 773 1081 837 Chr.
1108 773 1200 857 n.)¹).
1248 776 1358 856 Atque
1383 785 1469 838 recte

175 883 310 962 quidem
333 881 463 946 Kohler.
490 881 538 963 (C.
559 881 584 960 J.
611 881 652 942 A.
678 881 715 946 ll.
739 883 780 943 ad
804 904 833 945 n.
861 889 946 965 332.)
970 883 1046 945 illud
1077 883 1193 946 foedus
1216 885 1334 948 bellum
1363 886 1469 964 ipsum

174 993 388 1054 antecessisse
413 1001 522 1053 censet
546 1012 678 1054 necesse
701 1013 781 1066 esse,
807 993 1018 1074 quodipsius
1042 993 1180 1056 foederis
1203 996 1310 1057 verbis
1345 995 1470 1057 videtur

175 1104 391 1186 comprobari.
449 1103 678 1166 Convocantur
707 1103 792 1165 enim
821 1123 935 1164 omnes
967 1103 1103 1172 Graeci,
1140 1115 1173 1167 ut
1207 1105 1299 1166 sicuti
1331 1106 1469 1170 maiores

174 1224 289 1276 contra
312 1212 438 1274 hostem
462 1232 670 1274 communem
692 1233 784 1274 arma
804 1215 948 1292 capiant:
968 1262 1061 1276 .....
1093 1209 1183 1290 ὅπως
1206 1207 1246 1278 δν
1263 1199 1335 1279 ὀὖν
1357 1225 1470 1299 κοινῆς

173 1319 325 1406 ὁμονοίας
362 1320 532 1406 γενομένης
572 1335 639 1396 τοῖς
674 1315 802 1407 Ἕλλησι
836 1323 920 1408 πρός
942 1348 978 1390 τε
1001 1323 1078 1400 τούς
1101 1333 1163 1388 νῦν
1192 1321 1385 1410 ἠδικηκότας
1415 1327 1469 1389 καὶ

173 1431 485 1518 παρεοπονδηκότας
513 1429 573 1506 τοὶς
596 1431 707 1507 πόλεις
731 1432 897 1517 πρόθυμοι
913 1433 994 1518 μετὰ
1016 1445 1076 1500 τοῦ
1092 1435 1249 1515 βασιλέως
1264 1429 1469 1518 Πτολεμαίου

137 1579 140 1584 ¹
172 1545 230 1609 καὶ
252 1539 320 1627 μετ’
344 1541 497 1625 ἀλλήλων
522 1537 714 1626 ὑπάρχωσιν
738 1540 914 1627 ἀγωνισταὶ
935 1547 989 1609 καὶ
1013 1545 1052 1609 τὸ
1076 1544 1193 1610 λοιπὸν
1220 1540 1294 1628 μεθ’
1317 1539 1468 1626 ὁμονοίας

174 1651 304 1739 σῴζωσι
325 1650 384 1730 τὰς
409 1651 527 1727 πόλεις.
569 1649 679 1735 ἀγαθῇ
702 1653 784 1736 τύχῃ
806 1653 958 1738 δεδόχθαι
980 1658 1029 1739 τᾷ
1060 1655 1159 1738 δήμῳ,
1194 1654 1256 1739 τὴν
1276 1654 1335 1737 μὲν
1356 1655 1469 1735 φιλίαν

172 1767 229 1830 καὶ
252 1763 313 1846 τὴν
337 1765 517 1846 συμμαχίαν
540 1758 814 1848 εἶναιᾸθηναίοις
837 1765 891 1828 καὶ
914 1745 1176 1848 Λακεδαιμονίοις
1198 1765 1253 1828 καί
1283 1776 1351 1839 τοῖς
1380 1767 1465 1843 βασι-

173 1881 285 1940 λεῦσιν
308 1887 376 1949 τοῖς
397 1874 663 1955 Λακεδαιμονίων
686 1878 767 1950 κτλ,
791 1875 880 1956 quod
904 1875 1017 1936 fecisse
1049 1874 1266 1938 Athenienses
1290 1875 1402 1936 Piraeo
1426 1874 1466 1936 ab

174 1987 345 2066 Antigono
369 1986 431 2046 iam
456 1993 624 2065 occupato,
650 1982 735 2045 bello
759 1985 854 2064 igitur
878 1985 941 2046 iam
965 1998 1088 2058 exort0,
1113 1984 1282 2047 verisimile
1307 1983 1383 2046 mihi
1400 2004 1465 2046 non

167 2095 310 2163 ¹videtur.
358 2095 509 2156 Foederis
535 2094 619 2155 enim
649 2104 762 2156 auctor
799 2095 948 2177 proprius
979 2103 1048 2156 erat
1077 2095 1278 2157 Ptolemaeus
1309 2093 1466 2155 Philadel-

172 2207 266 2288 phus,
292 2206 381 2266 cuius
405 2205 526 2266 mentio
550 2203 633 2265 facta
650 2212 699 2266 est
715 2205 745 2266 iu
762 2205 864 2277 titul0,
890 2206 944 2284 qui
960 2227 1000 2268 eo
1016 2214 1164 2284 tempore
1181 2204 1213 2264 id
1234 2203 1374 2266 maxime
1391 2204 1464 2283 egit,

173 2327 209 2378 ut
233 2316 437 2395 Antigonum
463 2316 492 2376 in
515 2315 585 2396 ipsa
609 2311 745 2376 Graecia
761 2334 857 2394 quam
875 2317 1016 2376 maxime
1042 2323 1186 2380 vexaret:
1212 2332 1311 2394 quam
1333 2313 1377 2376 ob
1394 2333 1464 2376 cau·

171 2447 243 2488 sam
274 2423 416 2487 Graecos
445 2426 486 2486 ad
516 2425 696 2494 libertatem
727 2426 917 2506 provocavit
947 2445 1041 2486 suum
1065 2424 1219 2487 auxilium
1254 2425 1464 2506 promittens:

172 2537 266 2618 primi
291 2547 361 2598 tum
386 2536 573 2598 defecerunt
596 2534 814 2626 Athenienses
838 2536 878 2597 ab
903 2536 1073 2616 Antigono
1096 2535 1205 2616 itaque
1235 2534 1353 2597 bellum
1378 2555 1464 2597 exar-

169 2648 222 2708 sit.
271 2645 304 2708 Si
328 2656 438 2708 autem
467 2645 694 2718 Athenienses,
723 2657 898 2724 antequam
935 2645 1048 2708 foedus
1078 2646 1176 2706 ictum
1200 2655 1232 2712 et
1256 2644 1365 2705 auxilii
1392 2664 1467 2725 spes

173 2758 212 2818 iis
236 2767 321 2819 esset
344 2766 456 2817 contra
487 2755 615 2817 hostem
646 2755 880 2836 gravissimum,
915 2757 956 2817 ab
988 2755 1155 2845 Antigono
1186 2754 1386 2828 defecissent,
1412 2755 1466 2817 im·

173 2845 424 2956 prudentissime
445 2887 512 2927 rem
535 2885 627 2926 suam
650 2866 801 2947 egissent,
828 2867 916 2946 quod
941 2866 1014 2942 inde
1038 2865 1207 2926 verisimile
1232 2884 1296 2925 non
1319 2864 1365 2929 fit.
1406 2865 1465 2927 lta-

173 2998 238 3058 que
262 2975 377 3038 foedus
399 2975 473 3038 illud
498 2987 572 3037 ante
596 2976 702 3055 ipsum
726 2976 845 3038 bellum
876 2976 974 3037 ictum
1008 2995 1078 3037 esse
1107 2994 1183 3037 cum
1210 2973 1373 3036 Koehlero
1403 2983 1461 3037 sta-

174 3089 332 3149 tuendum
355 3109 424 3149 esse
448 3108 583 3152 censeo:
607 3095 683 3169 post
705 3107 732 3151 a.
759 3083 835 3160 2⁶⁶l5.
861 3107 888 3146 a.
912 3085 987 3148 Chr.
1017 3106 1045 3146 n.
1073 3086 1170 3164 igitur
1191 3085 1310 3146 bellum
1334 3086 1462 3150 exarsit.

279 3197 367 3270 Arei,
382 3198 714 3260 Lacedaemoniorum
740 3197 833 3275 regis,
858 3215 946 3256 mors
963 3195 1161 3277 (interfectus
1183 3205 1232 3256 est
1247 3214 1359 3275 pugna
1376 3196 1464 3277 apud

174 3307 364 3370 Corinthum
387 3309 572 3382 commissa)
601 3306 689 3367 hisce
721 3306 923 3387 temporibus
952 3305 1055 3366 lucem
1089 3305 1185 3367 affere
1215 3305 1314 3366 videri
1344 3315 1462 3386 potest.

173 3418 246 3480 Rex
259 3427 365 3478 autem
380 3426 449 3478 erat
461 3418 637 3478 secuudum
651 3417 834 3479 Diodorum
851 3416 921 3478 XX.
938 3433 986 3494 29.
1006 3436 1064 3496 per
1080 3415 1294 3495 quadraginta
1312 3425 1464 3498 quattuor

176 3546 295 3600 annos,
310 3526 514 3606 Cleonymus,
532 3529 582 3588 cui
595 3528 757 3599 successit,
770 3548 827 3609 per
841 3527 1011 3606 sexaginta
1029 3545 1131 3588 annos
1149 3537 1181 3586 et
1198 3527 1310 3587 decem
1327 3545 1462 3598 menses,

174 3637 264 3698 cuius
287 3634 384 3698 frater
407 3637 602 3718 Agesipolis,
627 3639 680 3718 qui
699 3636 908 3698 Cleombroto
924 3636 1004 3718 patri
1022 3636 1108 3716 apud
1126 3636 1297 3698 Leuctram
1322 3639 1363 3718 (a.
1390 3651 1462 3715 371.

173 3767 232 3809 ms
268 3746 340 3828 Jul.)
365 3747 534 3809 interfecto
557 3748 720 3819 successit,
758 3767 938 3828 perunum
969 3766 1097 3809 annum.
1145 3745 1257 3828 Itaque
1287 3748 1393 3810 Areus
1423 3769 1464 3809 ex

174 3856 312 3918 Diodori
336 3857 468 3940 quidem
492 3858 645 3936 opinione
669 3879 696 3919 a.
724 3857 796 3935 265.
820 3877 847 3919 a.
866 3856 940 3922 Chr.
963 3877 992 3920 u.
1009 3877 1076 3930 ms,
1094 3857 1180 3919 Maio
1204 3857 1389 3920 interfectus
1405 3867 1463 3923 est.

175 3967 331 4053 Attamen
356 3976 442 4029 recte
466 3968 535 4048 ipse
556 3967 756 4048 Droysenius
779 3967 947 4027 adnotavit
969 3966 987 4027 l.
1016 3966 1033 4028 l.
1060 3988 1090 4049 p.
1126 3984 1198 4046 243.
1225 3986 1314 4032 n..1:
1348 3967 1464 4030 ›Ware

175 4077 229 4138 die
253 4087 336 4138 erste
360 4078 425 4139 und
449 4077 544 4139 letzte
567 4077 644 4139 Zahl
668 4099 706 4139 so
733 4077 847 4149 sicher,
878 4077 938 4138 wie
962 4076 1014 4138 die
1043 4077 1189 4150 mittiere,
1213 4098 1251 4138 so
1285 4076 1338 4138 fiel
1371 4087 1464 4152 εἰει,

175 4299 261 4367 (lquor
279 4301 397 4364 scriptum
418 4307 469 4359 est,
492 4299 527 4356 ita
545 4299 716 4358 emendarunt,
737 4307 763 4346 ut
782 4308 824 4346 aut
845 4293 1025 4365 Πυθόδημος
1044 4307 1086 4347 aut
1106 4298 1278 4366 Πεισῐδχιιος
1296 4299 1465 4360 restituerertt;

173 4409 220 4440 nos
240 4400 265 4440 nt
284 4393 309 4439 in
327 4408 353 4440 re
376 4392 469 4440 incerta
488 4390 522 4438 nil
542 4401 636 4439 mutare
661 4391 737 4439 satius
755 4390 880 4439 duximus.
925 4393 951 4442 ln
971 4392 1048 4440 titulis
1066 4392 1163 4453 Atticis,
1181 4391 1281 4440 sirecte
1298 4390 1465 4451 meminimus,

173 4501 255 4550 neque
275 4501 366 4533 nomeu
388 4479 567 4552 Πυθόδημος
585 4499 666 4546 neque
684 4498 775 4531 nomen
798 4485 964 4552 ΙΙεισίδιχιιος
983 4485 1067 4532 adhuc
1081 4485 1211 4532 'inventum
1231 4492 1275 4532 est.

282 4574 302 4643 ²)
322 4579 451 4641 Rangabis
469 4577 660 4626 Peithodernum
674 4576 819 4624 archontem
838 4577 913 4630 fuisse
932 4579 994 4630 iuter
1012 4578 1044 4627 ol.
1069 4587 1159 4639 ιαμ.
1180 4583 1204 4628 et
1226 4573 1317 4638 128,4.
1338 4573 1464 4648 (1²⁷¹st

173 4699 208 4710 --
230 4669 288 4736 265.
309 4687 330 4717 a.
352 4670 408 4719 Chr.
427 4667 470 4741 n)
491 4679 617 4724 statuerat.
