3500 5498
868 539 997 608 .3,

330 737 530 804 felicissimus
555 742 673 805 suisset.
722 742 805 804 Nam
830 751 916 806 recte
938 742 1123 818 scholiasta,
1144 751 1182 804 ut
1205 763 1245 804 eo
1271 741 1336 804 iam
1354 743 1523 805 redeamus
1541 740 1626 804 unde
1727 773 1728 784 κ

328 853 392 914 orsi
406 871 525 926 sumus
550 853 693 934 scripsit:
718 854 792 936 περὶ
815 852 848 916 de
869 852 931 937 τὴν
945 859 1014 916 τῶν
1028 855 1233 931 βουκολικῶν
1249 854 1379 936 ποίησιν
1395 847 1519 936 εὐφυὴς
1537 849 1622 935 γενό-

328 983 423 1044 μενος
435 964 560 1046 πολλῆς
572 959 666 1046 δόξης
677 959 713 1026 ἐκ
724 962 855 1028 τούτων
866 961 1030 1046 ἐπέτυχεν.
1056 964 1168 1045 Itaque
1179 961 1274 1044 plane
1287 960 1364 1022 false
1376 981 1403 1023 v.
1418 961 1448 1024 d.
1461 958 1626 1040 Parthey¹)

331 1070 460 1132 ›Daher
483 1071 652 1153 geschieht
674 1093 708 1134 es
731 1075 789 1135 mit
811 1073 965 1147 Unrecht‚
990 1075 1102 1155 inquit,
1137 1073 1211 1135 dass
1240 1091 1315 1133 man
1343 1072 1405 1132 den
1428 1070 1625 1132 Theokritus

330 1201 444 1262 wegen
460 1182 565 1244 seines
581 1183 789 1264 zeitweiligen
806 1183 1033 1246 Aufenthaltes
1055 1185 1085 1246 in
1104 1181 1383 1246 Alexandrien'zu
1408 1181 1471 1242 den
1488 1180 1622 1241 Alexan·

328 1293 455 1354 drinern
479 1291 620 1366 rechnet,
646 1295 730 1355 denn
753 1315 817 1356 wer
841 1294 914 1355 ho'rt
938 1314 971 1356 es
993 1295 1103 1356 seinen
1127 1292 1295 1354 lieblichen
1315 1290 1620 1368 Naturdichtungen

330 1402 419 1463 nicht
441 1421 492 1475 an,
516 1402 590 1464 dass
614 1403 660 1464 sie
684 1403 715 1466 in
732 1404 789 1466 der
805 1403 1093 1466 Waldeinsamkeit
1116 1403 1172 1463 der
1188 1402 1380 1465 sikelischen
1395 1401 1509 1480 Berge,
1534 1409 1625 1460 unter

328 1512 402 1573 dem
426 1511 544 1573 milden
568 1511 710 1574 Himmel
734 1533 797 1577 von
820 1513 960 1594 Syracus
989 1512 1115 1576 erbliiht
1137 1513 1202 1574 und
1233 1512 1386 1592 gezeitigt
1415 1510 1501 1581 sind,
1537 1508 1624 1570 nicht

328 1623 359 1683 in
383 1622 457 1684 dem
480 1622 586 1684 lauten
603 1622 744 1685 Treiben
768 1623 825 1685 des
842 1623 1052 1698 Welthafens,
1076 1625 1107 1684 in
1130 1624 1187 1684 der
1203 1621 1407 1702 Sonnenglut
1431 1621 1488 1681 der
1499 1639 1620 1714 aegyp·

327 1733 451 1794 tischen
483 1731 691 1816 Wuste(??)i‹
741 1735 787 1795 At
810 1731 847 1795 ci.
879 1734 943 1796 idd.
969 1734 1040 1800 XV.
1064 1733 1149 1796 XVI.
1175 1731 1273 1796 XVII.
1298 1731 1412 1794 XVIII.
1437 1730 1537 1796 XXII.
1563 1739 1623 1792 etc.

329 1843 399 1908 coll.
424 1842 492 1904 VII.
517 1846 658 1922 45--48.
684 1845 737 1924 qui
762 1864 873 1906 versus
897 1863 1036 1924 poeseos
1059 1835 1298 1906 AlexandrInae
1320 1860 1481 1902 summam
1505 1839 1624 1921 pariter

329 1961 427 2032 atque
444 1951 631 2015 Callimachi
647 1955 850 2016 notissimum
867 1954 943 2017 illud
966 1955 1045 2038 μέγα
1060 1955 1185 2034 βιβλίον
1208 1951 1288 2035 μέγα
1304 1950 1408 2014 κακόν
1425 1950 1620 2030 exprimunt.

435 2061 573 2124 CarmIni
603 2063 705 2126 XXV.
740 2064 827 2126 solus
851 2064 1029 2127 Ahrensius
1060 2066 1249 2128 asteriscum
1281 2062 1437 2144 appinxit,
1471 2071 1504 2122 at
1535 2069 1622 2122 recte

330 2191 427 2235 nemo
451 2193 526 2234 eum
550 2183 679 2235 secutus
703 2183 761 2239 est.

435 2283 550 2345 Restat
578 2303 680 2364 genus
713 2285 859 2367 epicum,
885 2307 927 2347 ex
959 2305 1025 2367 quo
1056 2294 1131 2347 sunt
1162 2284 1226 2346 idd.
1257 2283 1340 2345 XIII.
1365 2281 1482 2344 XXIV.
1508 2280 1622 2352 XXV,

255 2473 257 2480 γ
329 2411 412 2473 quae
436 2413 509 2454 mea
532 2395 692 2455 sententia
715 2395 825 2456 omma
842 2381 1081 2458 Alexandream
1100 2395 1249 2473 sapiunt;
1275 2392 1316 2454 id.
1334 2391 1450 2454 XVIII.
1468 2388 1625 2472 (Helenae

329 2501 587 2585 epithalamium)
609 2502 701 2565 classi
725 2504 854 2565 cuidam
877 2506 1094 2578 asserendum,
1120 2524 1190 2566 esse
1215 2517 1310 2582 nego,
1337 2500 1399 2584 (Cf.
1417 2499 1548 2566 Hauler.
1568 2499 1586 2561 l.
1605 2499 1623 2560 l.

330 2633 360 2694 p·
387 2613 437 2690 36·
464 2615 579 2694 seqq-l·

947 2809 1008 2881 VI.

488 2982 618 3043 schol.
655 2984 795 3069 &suan
827 2983 905 3065 γέν.
936 2982 1021 3048 κατὰ
1052 2987 1130 3068 γοῦν
1153 2981 1247 3058 τινὰς
1270 2979 1401 3063 Μόσχος
1423 2977 1625 3060 καλούμενος

461 3153 464 3160 ,
491 3083 651 3176 [ὕστερον]
680 3093 853 3178 Θεόκριτος
876 3091 1065 3178 ὠνομάσθη.

436 3199 628 3264 Theocritus
643 3205 837 3284 cognomine
858 3204 1024 3288 »Μόσχοςι
1044 3204 1224 3287 appellatus
1241 3211 1306 3265 est:
1331 3202 1414 3263 hanc
1430 3198 1625 3262 scholiastae

331 3311 517 3393 opinionem
542 3313 732 3394 interpretes
756 3316 844 3376 vario
869 3317 969 3380 modo
993 3316 1155 3399 explicare
1181 3316 1384 3378 studuerunt.
1429 3307 1625 3372 Fritzscths

329 3420 460 3501 quidem
485 3422 693 3495 sententiam,
720 3444 817 3504 quam
846 3426 922 3488 olim
947 3426 1121 3507 protulerat
1144 3428 1175 3488 in
1199 3425 1423 3486 dissertatione
1446 3421 1487 3482 de
1512 3421 1621 3500 poetis

330 3530 528 3593 Graecorum
563 3531 716 3594 bucolicis
751 3536 793 3618 (p.
820 3553 870 3615 31.
896 3537 990 3620 seq),
1027 3537 1166 3598 servavit
1190 3537 1222 3597 in
1252 3535 1395 3597 editione
1419 3532 1491 3592 mai.
1517 3532 1562 3611 (p.
1589 3549 1618 3606 4.

330 3649 396 3703 not.
422 3642 476 3722 3):
513 3640 704 3704 scholiastae
738 3646 838 3708 verba
861 3667 901 3708 eo
936 3656 1084 3729 tempore
1108 3647 1229 3725 serIpta
1254 3665 1323 3706 esse
1348 3643 1511 3706 existimat
1538 3661 1624 3720 »quo

330 3747 455 3812 Moschi
479 3771 517 3812 ac
541 3751 650 3814 Bionis
674 3756 816 3818 carmina
840 3776 914 3818 cum
938 3756 1138 3819 Theocriteis
1169 3754 1381 3817 collecta
1414 3755 1499 3814 iam
1535 3769 1623 3812 uno

329 3860 568 3922 volumine
592 3865 1137 3946 comprehendebantur,
1162 3867 1622 3946 neglectisautemauctorum

331 3972 515 4034 nominibus
539 3972 684 4036 eiusdem
708 3975 908 4038 collectionis
932 3977 1075 4039 carmina
1099 3975 1198 4038 modo
1223 3976 1264 4037 ad
1289 3996 1381 4048 eum,
1407 3975 1458 4036 cui
1485 3971 1623 4056 plurima

330 4082 550 4156 debebantur,
577 4093 742 4146 auctorem
766 4086 1004 4159 referebantur,
1032 4087 1131 4149 modo
1156 4087 1288 4148 diversis
1312 4085 1418 4167 poetis
1440 4083 1624 4146 tribueban-

330 4203 414 4259 tur«.
460 4193 526 4256 Sed
561 4192 621 4255 hac
655 4197 786 4276 quidem
822 4217 856 4258 re
891 4198 1023 4258 omnino
1058 4218 1122 4260 non
1158 4197 1359 4278 explicantur
1393 4192 1492 4256 schol.
1524 4193 1624 4254 verba

329 4300 447 4366 κατὰ
483 4312 596 4386 γοῦν
628 4303 765 4380 τινὰς
799 4311 870 4372 κτλ.
895 4303 1083 4392 ὠνομάσθη,
1109 4285 1192 4391 quae
1211 4306 1310 4372 schol.
1336 4326 1377 4367 ex
1394 4298 1624 4365 vetustioribus

331 4411 475 4474 fontibus
498 4413 643 4475 hausisse
667 4418 903 4495 comprobant:
939 4419 964 4480 si
988 4430 1097 4480 autem
1122 4419 1219 4483 schol.
1249 4417 1414 4500 propriam
1438 4413 1626 4495 protulisset

331 4521 538 4602 opinionem,
574 4527 664 4605 quod
687 4526 782 4607 plane
816 4529 1003 4608 negandum
1036 4542 1107 4606 est,
1144 4530 1315 4592 Moschum
1346 4525 1625 4587 -Theocritum

543 4667 595 4676 --

441 4735 458 4806 ¹)
479 4738 510 4786 G.
530 4739 653 4804 Parthey:
672 4741 725 4790 Das
744 4743 958 4795 alexandrinische
978 4747 1100 4796 Museum.
1139 4748 1221 4796 Berlin
1245 4744 1318 4806 1838.
1338 4762 1362 4808 p·
1386 4753 1442 4806 ¹54·
