3500 5498
922 527 993 604 34,

399 730 511 812 Atque
534 729 560 792 si
584 730 712 793 codices
735 729 866 812 inspicis
890 729 968 792 nihil
1003 731 1165 803 invenies,
1190 730 1280 812 quod
1304 749 1416 792 revera
1440 727 1589 808 opinioni

293 840 334 902 illi
369 849 539 922 repugnet.
585 839 670 902 Nam
705 839 776 902 libri
811 840 1039 922 manuscripti,
1075 841 1128 919 qui
1164 840 1320 903 exhibent
1358 839 1502 900 carmina
1526 839 1590 901 sub

291 951 418 1014 Moschi
442 960 560 1032 poetae
583 950 730 1022 nomine,
756 950 838 1011 adeo
862 949 1017 1014 fluctuant
1039 952 1080 1014 de
1105 951 1310 1023 auctoribus,
1347 959 1382 1012 ut
1405 949 1588 1013 Ahrensius

291 1061 359 1123 sola
382 1061 525 1122 carmina
547 1053 692 1143 Εὐρώπη
715 1068 748 1120 et
767 1050 867 1142 Ἔρως
889 1060 1050 1146 δραπέτης
1075 1062 1225 1142 inscripta
1248 1061 1278 1123 in
1304 1059 1466 1123 Moscheis
1491 1059 1609 1121 collo-¹

293 1171 434 1236 caverit:
470 1171 529 1234 sed
553 1171 651 1232 etiam
675 1170 716 1230 de
750 1169 867 1234 horum
903 1173 1079 1234 carminum
1110 1171 1297 1235 auctoribus
1322 1170 1462 1232 dubitari
1486 1189 1586 1250 posse

293 1282 390 1343 docet
413 1301 451 1342 ea
474 1301 533 1352 res,
559 1280 648 1362 quod
672 1280 766 1344 codd.
793 1302 815 1342 r.
834 1301 898 1362 mg.
915 1282 972 1343 lm.
999 1301 1063 1363 mg.
1089 1281 1239 1364 Europae
1263 1280 1361 1362 capiti
1386 1280 1584 1361 adscriptum

294 1392 416 1454 habent
441 1391 619 1474 Θεοκρίτου
646 1398 689 1472 εἰ,
713 1391 801 1471 quod
838 1392 924 1452 idem
960 1393 1033 1457 cod.
1058 1412 1082 1457 r.
1132 1391 1310 1454 »Amorem
1334 1390 1525 1470 fugitivum<
1552 1399 1585 1450 et

270 1502 399 1584 ¹ipsum
423 1499 598 1563 Theocrito
620 1501 739 1563 tribuit.
787 1501 900 1580 ltaque
922 1501 1032 1574 vides,
1069 1503 1262 1584 praesertim
1284 1520 1358 1563 cum
1383 1499 1483 1560 etiam
1506 1519 1584 1561 non-

294 1610 378 1694 nulla
415 1611 557 1673 carmina
591 1608 786 1672 Theocritea
822 1611 958 1672 Moscho
996 1613 1200 1686 tribuantur,
1242 1619 1328 1674 recte
1365 1609 1586 1689 Hartungium

293 1721 322 1802 (l.
339 1721 357 1786 l.
382 1741 412 1802 p.
437 1723 497 1805 12.)
521 1720 695 1802 scripsisse,
719 1721 869 1783 codicum
891 1721 1117 1784 auctoritatem
1140 1723 1172 1783 in
1195 1722 1389 1803 quaestione
1414 1721 1456 1782 de
1481 1721 1585 1800 singu·

293 1832 397 1894 lorum
431 1831 610 1893 carminum
642 1831 829 1893 auctoribus
865 1830 1071 1894 diiudicanda
1106 1831 1301 1894 lenissimam
1340 1851 1420 1892 esse.
1467 1831 1511 1892 Et
1544 1851 1584 1892 ne

295 1961 365 2002 esse
388 1941 520 2022 quidem
544 1949 662 2022 potest,
687 1961 771 2014 cum,
797 1942 885 2021 quod
909 1941 991 2004 infra
1014 1942 1144 2004 uberius
1168 1961 1353 2022 exponam,
1379 1941 1586 2004 statuendum

237 2083 241 2090 ·
295 2052 351 2124 sit,
386 2050 598 2114 Theocritum
634 2050 675 2112 ab
709 2051 900 2132 aequalibus
929 2051 1101 2115 Moschum
1137 2052 1335 2134 appellatum
1372 2051 1491 2112 deinde
1512 2069 1588 2111 vero

294 2160 465 2224 Moschum
499 2161 696 2242 singularem
730 2171 864 2242 poetam
898 2161 977 2223 salso
1012 2163 1223 2226 constitutum
1259 2183 1339 2226 esse.
1387 2160 1487 2241 Quod
1511 2170 1584 2221 ante

296 2271 432 2333 Stobaei
461 2280 603 2333 aetatem
637 2269 759 2335 factum
788 2272 852 2334 iam
881 2291 951 2334 esse
986 2273 1090 2335 elucet
1114 2293 1156 2334 ex
1186 2293 1224 2334 ea
1255 2294 1308 2343 re,
1345 2272 1433 2352 quod
1456 2270 1525 2332 sola
1547 2290 1586 2331 ea

296 2382 438 2443 carmina
469 2390 641 2463 quattuor,
672 2402 754 2463 quae
783 2383 835 2444 hic
872 2383 965 2444 nobis
996 2384 1155 2456 servavit,
1191 2382 1386 2462 singularem
1417 2381 1588 2444 Moschum

296 2502 487 2572 agnoscunt.

402 2602 471 2664 lam
494 2603 688 2665 accedamus
712 2603 754 2664 ad
776 2603 853 2664 alias
877 2623 997 2666 causas.
1039 2603 1156 2679 Suidas
1171 2624 1229 2670 s.v.
1247 2600 1378 2686 Μόσχος
1394 2602 1480 2666 hunc
1496 2601 1588 2684 Syra-

297 2729 451 2776 cusanum
473 2693 658 2794 appellavit:
683 2722 732 2775 est
754 2722 865 2776 autem
884 2714 958 2775 ideo
975 2692 1207 2794 Syracusanus,
1231 2715 1309 2794 quia
1332 2713 1588 2776 Theocritus

297 2821 463 2902 Syracusis
493 2833 586 2886 natus
617 2832 675 2889 est.
722 2823 820 2884 Porro
844 2824 972 2906 scripsit
996 2824 1129 2890 Suidas:
1165 2816 1262 2898 οὗτός
1284 2820 1374 2887 ἐστιν
1397 2817 1415 2886 ὁ
1442 2821 1589 2904 δεύτερος

296 2932 433 3017 ποιητὴς
462 2930 543 3016 μετὰ
576 2931 762 3018 Θεόκριτον,
797 2931 857 2998 τὸν
891 2941 960 2997 τῶν
994 2937 1196 3012 βσυκσλικῶν
1231 2934 1406 3017 δραμάτων
1441 2932 1588 3016 ποιητήν.

299 3041 421 3128 ἔγραψε
444 3045 497 3107 καὶ
521 3040 631 3122 αὐτός,
656 3044 710 3107 ubi
735 3064 786 3106 ex-
799 3045 1066 3109 antecedentibus
1089 3044 1307 3126 supplendum
1329 3053 1379 3108 est
1402 3042 1587 3126 βσυκσλικσί.

299 3153 343 3215 Et
377 3153 540 3216 ›Moschi‹
572 3155 704 3233 quidem
734 3155 876 3216 carmina
909 3156 1103 3237 paucissima
1141 3157 1240 3217 etiam
1273 3155 1409 3237 antiquo
1443 3163 1591 3237 tempore

300 3263 445 3326 extitisse
468 3273 556 3326 recte
580 3264 736 3328 conclusit
759 3264 953 3328 Fritzschius
964 3266 985 3350 ¹)
1017 3287 1059 3327 ex
1088 3267 1195 3330 verbis
1225 3267 1451 3348 conquisitoris
1474 3267 1593 3328 veteris

300 3373 332 3434 in
356 3372 489 3434 Anthol.
514 3373 613 3436 Palat.
640 3374 693 3437 IX.
725 3390 807 3452 440:
843 3365 917 3439 οὒτε
939 3373 999 3439 τὸτ
1029 3375 1150 3460 χρόνον
1179 3371 1257 3440 καθ’
1287 3371 1326 3439 ὃν
1357 3369 1397 3459 ἦν
1421 3368 1439 3438 ὁ
1460 3373 1592 3457 Μόσχος

300 3481 452 3565 γινώσκω
474 3475 549 3548 οὔτε
572 3484 746 3568 ποιήμασιν
769 3479 870 3549 αὐτοῦ
891 3479 1011 3568 ἑτέροις
1032 3483 1195 3569 ἐνέτυχον.
1240 3485 1389 3566 Quorum
1413 3486 1593 3549 carminum

303 3593 457 3658 nullum
480 3605 543 3657 est
565 3616 582 3657 e
606 3615 757 3676 genere
780 3595 992 3672 bucolico;
1018 3617 1056 3659 ea
1080 3618 1211 3678 quoque
1234 3596 1391 3668 collecti0,
1417 3615 1517 3676 quam
1533 3615 1593 3657 nos

302 3705 470 3778 habemus
496 3707 578 3768 inter
598 3705 754 3768 Moschea
777 3726 816 3767 ne
841 3726 939 3770 unum
962 3708 1095 3788 quidem
1117 3727 1246 3769 carmen
1269 3706 1452 3770 bucolicum
1473 3706 1594 3772 habet:

303 3813 401 3876 nihilo
423 3816 526 3879 secius
551 3814 669 3879 Suidas
696 3816 905 3880 ›Moschum‹
931 3817 1109 3882 secundum
1132 3827 1267 3899 poetam
1283 3816 1466 3880 bucolicum
1485 3825 1592 3877 vocat.

303 3923 480 4005 Quomodo
504 3927 567 3988 hoc
599 3926 771 3989 discrimen
800 3928 990 3991 solvendum
1013 3927 1080 3991 est?
1115 3927 1316 4009 Hartungius
1339 3926 1390 3990 l.l.
1417 3949 1448 4009 p.
1474 3943 1503 4002 4.
1530 3937 1595 3988 tres

303 4035 397 4098 simul
421 4036 513 4098 nobis
538 4038 771 4100 demonstravit
794 4038 878 4104 vias:
916 4039 1069 4101 Moschus
1093 4038 1275 4121 appellatus
1307 4048 1356 4100 est
1379 4037 1595 4101 bucolicus

304 4154 403 4228 poeta
424 4154 480 4208 aut
501 4147 590 4227 quod
614 4147 778 4209 Theocriti
803 4129 972 4211 dicendi
996 4169 1098 4229 genus
1122 4149 1265 4213 imitatus
1288 4157 1352 4220 est,
1378 4157 1435 4211 aut
1457 4147 1533 4228 quia
1556 4148 1596 4210 in

305 4255 440 4338 patria
463 4256 706 4318 bucoliasmi
738 4267 863 4322 natus
893 4269 970 4332 est,
1005 4267 1061 4322 aut
1084 4259 1268 4320 carmina
1292 4259 1379 4322 eius
1402 4257 1597 4321 bucolica

304 4439 569 4450 ——-—---...-

305 4545 329 4596 p.
350 4529 399 4580 lIl.
420 4531 482 4580 thes.
501 4530 554 4580 111:
584 4531 706 4597 »Egregie
731 4542 819 4596 errant,
846 4536 889 4598 qui
914 4551 971 4584 curn
994 4537 1034 4586 Fr.
1059 4535 1200 4599 Schlegelio
1228 4534 1360 4583 Moschum
1387 4541 1412 4581 et
1434 4532 1597 4582 Theocritum

303 4621 416 4671 eiusdem
434 4621 542 4672 hominis
560 4623 671 4686 nomina,
691 4625 794 4674 Bionem
814 4635 896 4675 autem
916 4629 959 4678 illo
978 4629 1143 4692 antiquiorem
1161 4627 1237 4676 fuisse
1255 4625 1433 4676 contendant».

416 4709 433 4781 ¹)
453 4712 485 4762 de
503 4723 569 4778 poet.
592 4715 633 4764 Gr.
653 4717 735 4765 bucol.
755 4734 779 4782 p.
801 4727 843 4778 27,
865 4719 895 4768 cs.
914 4721 990 4770 schol.
1011 4721 1043 4768 ed
1073 4720 1177 4768 Abrens.
1199 4716 1259 4786 (vol.
1280 4715 1324 4784 ΙΙ.)
1347 4734 1373 4782 p.
1393 4730 1454 4776 440.
1474 4717 1507 4769 ll.
