3500 5498
803 577 839 627 21

716 655 928 666 -—----

173 776 287 839 nicht
310 778 448 841 selten
473 779 621 861 pikant
644 799 784 860 genug
812 780 846 841 in
868 777 1022 860 lrr'aftiger
1044 779 1253 861 Darstellung
1281 781 1468 863 uppiger

173 888 345 963 Hirten,
377 891 455 952 aber
478 888 710 952 zartliches
734 887 886 952 Gefnhl
913 890 1074 952 kannte
1102 909 1143 951 er
1172 890 1375 959 nicht...
1404 891 1461 953 wir

174 1000 327 1060 wundenr
353 1021 412 1060 uns
436 1000 533 1072 nicht,
560 1001 622 1061 den
653 976 832 1062 roheren
856 999 1129 1062 Theokritus
1161 998 1216 1061 aul
1246 1001 1310 1063 den
1341 1000 1467 1063 zierlich

173 1109 378 1171 vollendeten
408 1111 488 1171 Bion
522 1109 631 1190 folgen
661 1131 698 1171 zu
729 1109 844 1182 sehen,
880 1130 964 1191 quae
994 1111 1162 1191 quomodo
1193 1111 1467 1174 demonstraverit

172 1218 222 1279 vel
244 1219 355 1299 potius
377 1218 559 1281 defenderit
593 1220 743 1300 equidem
774 1220 892 1282 nescio.
941 1219 1062 1282 Contra
1085 1221 1197 1282 nimias
1220 1221 1332 1284 laudes
1356 1241 1464 1283 cumu-

171 1330 247 1391 lavit
269 1331 301 1390 in
325 1330 535 1395 Theocritum
554 1331 579 1410 J.
605 1331 637 1391 P.
662 1330 698 1391 E.
726 1328 895 1401 Greverus,
926 1331 982 1411 qui
1016 1339 1134 1412 poetae
1164 1340 1267 1393 artem
1300 1330 1467 1393 celebrans

170 1439 316 1519 scripsit.
333 1442 394 1528 2¹)
422 1441 564 1502 ›meines
587 1439 754 1520 Lieblings
777 1439 942 1513 Theokrit,
975 1440 1051 1501 den
1075 1438 1141 1502 Ich
1164 1439 1224 1502 fiir
1245 1441 1369 1502 eiuen
1392 1441 1468 1502 der

171 1556 365 1629 grossten
388 1550 566 1611 Dichter
589 1549 717 1620 halte,
745 1550 809 1611 die
831 1548 978 1628 jemals
1003 1547 1154 1629 gelebt
1176 1549 1354 1612 habenl‹
1382 1549 1465 1611 Nam

170 1679 245 1738 cum
268 1659 513 1720 concedendum
537 1661 578 1720 sit
593 1678 667 1720 eum
684 1661 715 1720 in
739 1670 807 1721 arte
823 1658 970 1720 bucolica
994 1658 1211 1722 felicissimum
1228 1670 1261 1722 et
1275 1670 1362 1722 certe
1376 1679 1460 1722 sum-

170 1789 259 1830 mum
284 1789 354 1831 esse
379 1779 521 1850 poetam,
539 1783 657 1844 tamen,
683 1789 757 1832 cum
780 1768 847 1831 eius
864 1789 957 1830 musa
979 1751 1098 1831 rustica
1114 1790 1178 1831 non
1202 1779 1321 1851 aequet
1336 1767 1464 1851 epicam

170 1879 222 1940 vel
246 1879 376 1958 lyricam
399 1877 450 1940 vel
473 1879 691 1952 dramaticam‚
718 1899 791 1940 eum
808 1879 1018 1959 aequiperare
1035 1877 1215 1941 Homerum
1237 1880 1288 1942 vel
1305 1879 1464 1941 Alcaeum

169 1988 221 2050 vel
246 1988 443 2069 Sophoclem
468 1988 518 2049 vel
541 1989 797 2070 Aristophanem
822 1988 955 2048 omnino
978 1988 1087 2066 negari
1111 1988 1221 2054 debet.

273 2098 480 2161 Accedamus
504 2119 588 2160 nunc
611 2099 653 2160 ad
677 2097 901 2180 quaestionem
917 2093 959 2159 de
974 2097 1063 2159 vocis
1080 2095 1250 2171 stollam,
1274 2119 1339 2180 qua
1355 2097 1462 2179 appel·

169 2209 225 2270 lari
250 2208 353 2271 solent
369 2208 534 2270 Theocriti
559 2209 710 2281 carmina,
735 2209 766 2269 vi
791 2217 823 2269 et
844 2207 985 2269 notione.
1035 2205 1086 2268 De
1103 2207 1227 2287 origine
1243 2217 1352 2268 autem
1369 2206 1463 2268 huius

167 2320 256 2379 vocis
280 2340 309 2383 v.
334 2320 364 2382 d.
388 2319 458 2380 Leo
481 2317 625 2399 Meyer²)
649 2319 730 2379 haec
754 2319 786 2380 ln
808 2317 951 2379 medium
974 2316 1124 2398 protulit:
1160 2316 1245 2379 »Der
1267 2317 1310 2378 im
1338 2315 1463 2379 Latein·

167 2429 278 2490 ischen
303 2427 335 2490 i'n
359 2428 594 2490 verkleinerten
618 2427 749 2509 (rectius
765 2425 1019 2508 verkleinerndl)
1043 2425 1223 2507 Bildungen
1251 2427 1325 2488 sehr
1351 2425 1464 2506 hiiufig

168 2539 372 2600 austretende
384 2538 468 2599 Laut
479 2538 489 2598 l
502 2537 603 2600 findet
615 2537 684 2598 sich
697 2539 728 2599 in
740 2537 873 2628 solchen
886 2535 1067 2617 Bildungen
1082 2536 1165 2599 auch
1177 2539 1221 2599 Im
1233 2533 1461 2599 Griechischen

166 2648 256 2710 nicht
272 2647 373 2710 selten
397 2648 462 2709 und
478 2668 560 2710 zwar
576 2646 744 2710 mehrfach
769 2648 853 2709 noch
870 2648 901 2709 in
917 2647 1140 2728 Vereinigung
1156 2648 1214 2709 mit
1229 2647 1305 2708 dem
1321 2645 1462 2710 Schluss·

166 2757 261 2820 suifix
283 2780 323 2822 ro.
375 2757 419 2820 So
443 2759 515 2820 sind
548 2779 587 2819 zu
611 2779 737 2820 nennen
762 2757 1094 2841 xoyxriiro—kleine
1117 2756 1264 2819 Muschel
1288 2759 1340 2840 (zu
1357 2753 1461 2839 κόγχη

164 2868 311 2930 Muschel
327 2870 431 2931 neben
446 2869 522 2930 dem
545 2868 629 2931 auch
651 2867 804 2952 κογχύλη,
830 2867 1125 2947 Purpurschnecke,
1150 2866 1296 2946 austria),
1335 2859 1459 2928 ovant·
1545 2945 1548 2952 Ι

166 2983 217 3042 Ito
239 3016 281 3024 —
305 2978 484 3041 Blumchen
507 2989 579 3052 etc,
604 2979 722 3060 inqua
753 2979 997 3040 enumeratione
1030 2977 1204 3042 Invenitur:
1238 2973 1396 3039 »εἰδύλλιο
1422 3014 1459 3022 -

166 3091 217 3152 ein
241 3089 533 3152 schilderndes
549 3085 733 3151 Gedicht
750 3083 846 3172 (εῖόος
863 3087 1076 3169 Gesialilr,
1094 3107 1192 3167 quam
1205 3085 1456 3168 explicationem

166 3221 208 3262 ex
241 3201 340 3281 ipsius
363 3199 485 3280 Meyeri
521 3200 645 3261 ratione
678 3198 880 3260 falsissimam
915 3217 985 3259 esse
1019 3197 1238 3278 unusquisque
1272 3195 1382 3258 statim
1416 3194 1459 3256 in-

166 3310 312 3390 telleget!
339 3346 378 3355 -
444 3345 447 3350 ·

275 3420 326 3480 De
351 3420 481 3480 notione
506 3419 594 3480 vocis
618 3417 778 3482 εἰὸύλλιον
801 3419 858 3479 viri
881 3417 969 3479 docti
992 3417 1095 3478 varias
1111 3414 1312 3496 protulerunt
1334 3422 1456 3475 senten·

169 3529 247 3594 tias:
271 3529 461 3610 plerumque
484 3547 522 3588 ea
543 3549 609 3590 vox
633 3529 713 3590 verti
737 3527 819 3590 solet
845 3521 1185 3608 »Genrebildchen‹³)‚
1212 3525 1301 3606 quod
1324 3523 1460 3585 verbum

169 3659 275 3720 neque
307 3639 406 3700 totius
437 3658 578 3719 poeseos
603 3631 831 3700 Theocriteae'
850 3636 902 3716 (cf.
926 3637 991 3702 idd.
1015 3636 1083 3698 XII.
1109 3635 1195 3697 XVI.
1221 3633 1320 3696 XVII.
1346 3633 1461 3696 XXllI.
1507 3619 1514 3638 ’

167 3748 283 3811 XXVI.
318 3747 476 3831 XXVIII.)
509 3749 651 3810 indolem
683 3756 717 3809 et
751 3757 896 3808 naturam
926 3756 1014 3808 recte
1047 3743 1206 3825 significat
1233 3744 1462 3823 nequevocis

167 3878 304 3939 graecae
329 3855 429 3939 vim4)
453 3857 665 3939 amplectitur.
713 3857 883 3920 Praeterea
906 3865 1016 3917 autem
1044 3874 1173 3925 vereor,
1206 3872 1246 3913 ne
1275 3850 1338 3914 hoc
1360 3852 1460 3915 modo

281 4106 296 4176 ¹)
320 4108 359 4157 cf.
379 4108 516 4158 Greverus:
536 4109 627 4159 Kleine
647 4111 768 4172 Beytriige
786 4116 825 4156 etc
856 4108 962 4156 Bremen
986 4103 1059 4166 1830.
1079 4104 1157 4168 praes.
1177 4120 1201 4167 p.
1222 4102 1252 4150 V.

287 4198 307 4267 ²)
330 4201 383 4250 Leo
404 4202 502 4265 Meyer:
530 4200 727 4265 Vergleichende
745 4198 903 4248 Grammatilr
921 4198 965 4246 der
983 4195 1084 4246 GrIech.
1104 4196 1155 4244 und
1173 4195 1230 4243 Lat.
1251 4192 1370 4257 Sprache‚
1390 4192 1473 4240 Berlin

186 4294 259 4357 1865.
281 4292 321 4341 vol
349 4293 382 4340 ll.
402 4311 426 4358 p.
444 4291 505 4353 484.

290 4383 312 4451 Ἄ)
333 4384 371 4432 CI.
393 4385 423 4433 Ο,
444 4384 572 4433 Ribbeck:
593 4385 751 4433 PreussiSche
766 4384 921 4448 Juhrbiicher
939 4381 1038 4445 ephem.
1058 4380 1107 4431 vol.
1121 4391 1162 4442 32.
1184 4378 1227 4444 lde
1243 4377 1350 4424 Theocr.
1369 4373 1477 4444 md.)-

186 4478 312 4528 Reinhold
331 4478 416 4526 Riese:
446 4477 486 4524 De
510 4478 580 4540 poesi
598 4477 746 4526 Theocritea
766 4476 959 4525 observationes.
997 4472 1029 4520 D.
1047 4473 1069 4536 J.
1088 4470 1209 4520 Rostoch.
1230 4467 1315 4517 Strals.
1338 4465 1406 4529 1874
1424 4468 1477 4516 init.

186 4580 282 4636 praeter
301 4570 333 4618 al.

276 4659 297 4728 ⁴)
325 4661 363 4710 Cf.
382 4662 518 4710 Wissowa:
551 4659 698 4710 Theocritus
717 4659 881 4709 Theocriteus
911 4658 963 4706 sive
989 4657 1132 4720 idylliorum
1152 4650 1281 4702 Theocriti
1309 4658 1480 4714 suspectorum

179 4755 315 4803 vindiciae.
352 4751 612 4802 Vratislaviae1828.
650 4753 681 4802 D.
699 4751 721 4815 J.
741 4769 766 4815 p.
790 4762 828 4809 14.
848 4764 917 4812 seqq.
