3500 5498
697 490 907 576 ..rsa

153 693 399 764 exaedificanda
433 700 622 753 creaverunt
636 692 666 774 1).
712 691 872 754 Voculam
900 693 984 755 enim
1015 688 1082 775 ἤδη,
1114 713 1178 772 qua
1211 703 1341 770 tempus
1371 697 1446 750 ante

152 803 294 864 Zenonis
318 811 458 864 mortem
480 801 717 864 accuratissime
746 801 942 881 designatur,
968 821 1067 884 quam
1098 801 1207 864 omisit
1230 799 1447 894 Aldobrandi

151 934 214 974 nus
243 914 409 996 interpres,
440 912 634 974 recentiores
667 911 826 991 Diogenis
858 913 998 974 editores
1034 922 1191 993 quantum
1216 913 1312 974 video
1335 931 1447 974 omnes

151 1043 230 1085 cum
256 1023 427 1084 codicibus·
447 1032 533 1084 recte
557 1022 765 1088 retinuerunt.

260 1131 502 1214 Comprobatur
525 1133 621 1211 igitur
645 1132 707 1194 hoc
730 1153 863 1216 quoque
887 1144 1091 1216 argumento,
1112 1127 1208 1196 'initio
1225 1133 1299 1195 anni
1324 1134 1396 1208 264.
1416 1153 1444 1198 a.

152 1242 227 1304 Chr.
255 1264 283 1304 n.
311 1243 429 1305 bellum
454 1241 728 1306 Chremonideum
752 1245 895 1306 nondum
920 1256 1072 1308 exortum
1101 1265 1181 1309 esse.
1306 1247 1308 1252 ’

260 1354 358 1433 Quod
390 1363 498 1416 autem
530 1353 717 1432 Antigonus
750 1374 806 1415 rex
834 1351 886 1418 διὰ
918 1353 1095 1438 Θράσωνος
1127 1357 1327 1438 πρεσβευτοῦ
1360 1349 1449 1435 παρὰ

154 1459 420 1547 τῶνΆθηναὶεον
443 1455 561 1546 ᾔτησεν
583 1459 675 1546 αὐτῷ
696 1463 843 1546 (Zenoni)
870 1463 932 1548 τὴν
957 1462 993 1528 ἐν
1008 1467 1198 1548 Κεραμεικῷ
1213 1463 1322 1546 ταφήν
1337 1463 1447 1544 (Βίος.

151 1575 189 1635 L.
215 1573 284 1635 Vll.
315 1573 424 1656 15.)²),
451 1575 483 1633 id
507 1593 572 1633 non
596 1573 702 1634 solum
725 1584 859 1656 propter
882 1575 1041 1636 amicitiae
1065 1574 1226 1638 vinculum
1251 1584 1337 1636 certe
1361 1574 1448 1636 artis·

152 1685 281 1754 simum,
305 1683 394 1765 quod
410 1685 634 1745 intercesserat
657 1684 867 1765 interregem
891 1695 924 1746 et
946 1683 1176 1766 philosophum
1193 1704 1312 1760 senem,
1329 1683 1449 1745 factum

153 1813 226 1856 esse
259 1795 435 1856 statuerim.
484 1791 702 1854 Athenienses
737 1796 822 1856 enim
860 1795 927 1856 sine
959 1795 1059 1856 dubio
1093 1794 1176 1856 ultro
1206 1795 1302 1856 istum
1336 1813 1450 1855 senem

151 1905 242 1986 apud
275 1924 333 1965 eos
375 1903 625 1966 honoratissium
658 1903 764 1984 (Diog.
798 1905 834 1966 L.
868 1905 935 1968 Vll.
973 1904 1010 1970 6:
1045 1901 1165 1986 ἐτίμων
1200 1903 1239 1988 δὴ
1269 1883 1328 1969 οὖν
1360 1899 1445 1987 Auu-

150 2025 238 2078 ναῖοι
261 2010 386 2097 σφόδρα
409 2010 469 2078 τὸν
492 2011 631 2096 Ζήνωτο
653 2007 758 2089 οὕτως
782 2009 827 2089 ὡς
849 2017 904 2079 καὶ
926 2023 995 2080 τῶν
1025 2022 1143 2096 τειχῶν
1166 2010 1258 2097 αὐτῷ
1281 2011 1341 2088 τὰς
1361 2018 1449 2092 κλεῖς

149 2124 487 2208 παρακαταθέσθαι.).
509 2123 562 2186 illo
599 2123 723 2186 honore
764 2125 899 2206 dignum
940 2126 1134 2188 habuissent.
1196 2123 1337 2186 Suberat
1380 2125 1448 2186 sine

150 2234 253 2296 dubio
275 2234 335 2296 alia
351 2255 456 2296 causa.
498 2235 686 2296 Antecessit
710 2235 795 2296 enirn
812 2235 1026 2317 plebiscitum,
1047 2235 1087 2296 de
1104 2250 1176 2315 ¹quo
1196 2234 1295 2297 modo
1313 2235 1447 2314 egimus,

150 2344 268 2406 foedus
290 2344 365 2405 illud
389 2343 636 2406 Atheniensium
661 2364 735 2405 cum
760 2345 1026 2408 Lacedaemoniis
1051 2353 1082 2407 et
1106 2345 1175 2407 aliis
1203 2342 1358 2406 Graeciae
1376 2345 1447 2407 civi-

150 2454 285 2527 tatibus,
322 2456 411 2536 quod
443 2464 555 2516 contra
588 2474 623 2514 se
653 2455 757 2534 ipsum
790 2456 1010 2536 compositum
1045 2475 1115 2516 esse
1147 2455 1332 2535 Antigonus
1361 2453 1450 2516 haud

150 2564 326 2625 nesciebat.
374 2565 486 2645 Atque
510 2584 583 2627 cum
602 2566 668 2625 eius
685 2565 880 2644 permultum
905 2574 975 2628 tum
993 2567 1160 2627 interesset
1184 2573 1217 2625 ut
1234 2563 1448 2626 Athenienses

149 2673 274 2735 amicos
303 2673 439 2736 haberet
461 2675 578 2756 (Areus
602 2674 936 2737 Lacedaemoniorum
960 2695 1017 2736 rex
1040 2675 1175 2739 sortasse
1191 2695 1250 2736 suo
1267 2674 1369 2736 Marte
1386 2674 1449 2734 iam

151 2783 295 2845 bellabat
318 2783 368 2846 vel
385 2785 505 2846 bellum
520 2785 662 2845 illaturus
679 2787 770 2865 erat),
789 2787 876 2846 omni
894 2786 993 2846 modo
1009 2786 1041 2846 id
1058 2786 1133 2864 egit,
1159 2795 1194 2846 ut
1216 2807 1251 2847 se
1276 2784 1449 2846 Athenien·

152 2896 237 2956 sium
263 2894 385 2974 gloriae
409 2905 441 2957 et
465 2895 536 2956 usui
558 2915 687 2974 semper
711 2896 841 2958 studere
859 2905 891 2958 et
914 2896 1081 2957 consulere
1097 2895 1343 2957 demonstraret.
1391 2895 1449 2956 lta·

152 3025 218 3086 que
242 3005 327 3067 misit
350 3005 552 3067 Thrasonem
576 3004 724 3068 Athenas
748 3008 789 3068 de
813 3007 1004 3074 honorando
1032 3005 1173 3081 Zenone,
1196 3006 1250 3087 qui
1274 3004 1448 3078 Athenien-

153 3115 238 3176 sium
262 3125 295 3176 et
318 3115 476 3195 Antigoni
499 3104 674 3177 amicitiam
699 3137 797 3196 quam
820 3118 964 3178 maxime
995 3116 1134 3178 ursisset.
1182 3115 1231 3176 Ea
1255 3115 1306 3179 vel
1335 3114 1450 3176 similia

156 3243 269 3305 regem
293 3235 363 3285 tum
385 3235 472 3287 certe
498 3237 756 3288 commoverunt.

262 3333 445 3396 Secundum
471 3356 579 3397 meam
612 3337 709 3415 igitur
732 3346 919 3416 temporum
942 3337 1187 3417 dispositionem
1211 3335 1329 3398 bellum
1343 3333 1448 3396 Chre·

152 3445 343 3506 monideum
374 3447 494 3508 exarsit
525 3447 598 3507 anni
625 3447 696 3528 264.
731 3467 757 3506 a.
791 3444 862 3507 Chr.
894 3465 924 3507 n.
955 3456 1046 3529 parte
1078 3447 1269 3524 posteriore.
1323 3445 1450 3506 Eodem

151 3574 243 3616 anno
277 3551 358 3616 Galli
389 3557 475 3636 apud
507 3556 676 3636 Megaram
710 3556 826 3618 devicti
859 3565 901 3618 et·
923 3557 1174 3618 Lacedaemonii
1199 3556 1307 3617 reiecti
1332 3557 1450 3636 sunt3).

153 3663 273 3726 Hieme
298 3665 414 3727 deinde
437 3666 489 3728 vel
511 3686 587 3727 vere
610 3687 636 3726 a.
666 3666 738 3744 263.
773 3686 801 3727 a.
835 3663 909 3729 Chr.
943 3686 971 3726 n.
1005 3665 1202 3739 Alexander,
1234 3666 1451 3730 Molossorum

262 3861 279 3928 ¹)
299 3865 337 3914 Cl.
359 3866 388 3914 C.
410 3867 464 3915 LA
490 3865 523 3913 ll.
537 3883 562 3913 n.
578 3877 624 3928 331
724 3870 924 3936 χειροτονῆσαι
945 3864 974 3916 δὲ
996 3861 1043 3915 τὸν
1065 3865 1152 3935 δῆμον
1173 3865 1235 3930 ἤδη
1254 3869 1328 3934 τρεῖς
1347 3865 1451 3934 ἅνδραῖ

152 3955 183 4014 ἐξ
204 3953 360 4019 Ἀθηναίων
379 3960 482 4015 οἵτινες
513 3955 726 4027 ἐπιμελήσονται
748 3965 794 4021 τῆς
814 3959 844 4010 rl'a*
877 3954 1011 4021 ποιήσεως
1041 3965 1085 4020 τῆς
1113 3955 1222 4016 εἰκόνος
1250 3961 1363 4022 καὶτῆς
1387 3957 1457 4012 (ἶνα-

152 4053 262 4106 dinatus
276 4052 333 4101 κτλ.
356 4050 452 4118 (titulus
466 4052 577 4101 eiusdem
598 4053 726 4122 temporis)
749 4064 785 4104 est
805 4053 879 4117 igitur
892 4053 943 4116 ζον,
957 4053 973 4101 i.
989 4071 1016 4116 q.
1034 4054 1127 4102 »sehon
1144 4055 1228 4118 jerat«,
1252 4055 1342 4104 »sofort
1354 4057 1447 4104 sehon«

262 4141 282 4210 ²)
301 4145 350 4192 Hic
371 4144 463 4193 addere
486 4144 560 4192 liceat
578 4146 685 4209 Roeperi
708 4143 808 4210 (Philol.
830 4147 898 4196 Gott.
918 4146 964 4195 IX.
986 4163 1010 4209 p.
1031 4143 1085 4209 29.)
1105 4147 1267 4195 sententiam:
1299 4146 1367 4196 »Das
1385 4148 1452 4209 V11.,

157 4245 199 4298 ¹5·
220 4237 357 4286 berichtete
369 4237 475 4285 Factum
495 4236 526 4283 ist
544 4237 614 4286 nicht
632 4239 677 4286 mit
690 4237 835 4286 demselben
857 4235 991 4304 (plebiscit.
1007 4254 1021 4284 a
1035 4237 1166 4286 Thrasone
1184 4237 1310 4305 rogatum)
1330 4239 1452 4289 identisch

153 4329 207 4378 und
225 4329 294 4376 kann
314 4328 370 4377 sehr
388 4329 455 4377 wohl
474 4327 511 4376 als
531 4329 585 4377 eine
598 4345 655 4376 vom
670 4330 812 4393 Antigonus
830 4340 901 4378 unter
920 4329 1082 4379 vertinderten
1095 4329 1298 4379 Zeitumstiinden
1317 4331 1453 4380 ausdriick·

150 4420 204 4469 lich
222 4421 342 4484 begehrte
354 4421 524 4484 Vollziehung
544 4421 588 4469 des
607 4421 691 4470 bisher
710 4422 778 4471 nicht
797 4423 911 4471 erfttllten
928 4420 1029 4470 Theiles
1044 4422 1114 4486 jenes
1132 4422 1292 4471 Beschlusses
1310 4425 1453 4486 angesehen

150 4513 277 4562 werden«.
309 4513 401 4563 Contra
420 4530 495 4577 quem
515 4514 570 4562 vide
589 4530 654 4577 quae
674 4513 811 4578 disputavit
831 4516 860 4562 R.
875 4515 990 4578 Koeplre.
1015 4515 1046 4563 de
1059 4516 1128 4563 Arati
1141 4514 1251 4564 Solensis
1269 4525 1350 4567 aetate
1369 4534 1451 4582 progr.

156 4621 243 4669 gymn.
264 4605 330 4656 Gub.
355 4605 419 4668 1867
440 4623 464 4670 p.
489 4616 527 4668 15.
546 4622 571 4654 n.
593 4617 633 4666 30.

263 4693 285 4762 ³)
308 4699 394 4746 lustin.
416 4700 499 4747 XXVI
532 4713 554 4746 2.
