3500 5498
769 523 811 586 29

716 599 734 604 ο-
740 599 807 606 ----
821 601 840 606 -.
846 601 897 606 .......

145 721 308 784 Ahrensio
331 731 363 783 et
386 720 573 792 Fritzscbi0,
599 720 654 800 qui
678 721 747 802 ipse
771 742 901 802 quoque
924 723 965 783 id.
984 721 1086 784 XXV.
1111 723 1341 786 Theocriteum
1365 743 1436 786 esse

142 843 264 906 censet,
289 832 470 895 delendam.
482 829 503 915 ¹)
549 830 778 912 Copiosissime
802 833 934 913 quidem.
951 831 1147 894 Fritzschius
1170 831 1211 894 id.
1230 832 1314 922 XXI.
1343 854 1434 914 ›pro-

142 945 368 1006 scribendum‹
395 962 466 1003 esse
490 943 711 1004 demonstrare
735 944 871 1008 studuit:
897 943 954 1004 sed
978 963 1095 1006 causae
1119 963 1201 1024 quas
1217 942 1350 1024 protulit
1366 963 1433 1004 om·

143 1055 220 1116 nino
252 1073 316 1116 non
345 1061 418 1114 sunt
451 1063 549 1134 aptae
580 1053 623 1114 ad
658 1053 927 1134 persuadendum.
979 1053 1060 1115 Tres
1091 1051 1197 1125 codd..
1233 1073 1434 1135 quamquam

142 1165 275 1226 minoris
309 1175 414 1238 notae,
445 1163 609 1225 Theocriti
643 1185 762 1227 nomeu
797 1165 870 1227 huic
901 1166 1032 1228 carmini
1067 1164 1264 1245 adscriptum
1296 1163 1435 1228 habent:

142 1275 238 1337 huius
261 1274 342 1336 tituli
366 1274 484 1335 nullam
508 1273 574 1336 sere
598 1295 670 1336 esse
692 1274 791 1337 fidem
815 1276 991 1338 Fritzschio
1013 1274 1150 1338 libenter
1172 1276 1336 1338 concedo!
1361 1276 1438 1338 Res·

141 1383 297 1466 pondebo
320 1393 428 1446 autem
454 1404 538 1446 nunc
561 1384 693 1465 singulis
717 1385 881 1447 Fritzschii
911 1387 1024 1452 causis.
1073 1387 1185 1449 Nullae
1218 1388 1249 1449 in
1280 1387 1344 1449 hoc
1373 1405 1436 1448 car-

141 1495 229 1556 mine
252 1503 327 1556 sunt
353 1495 490 1556 >amoris
512 1504 651 1575 partes«,
677 1496 840 1576 quoniam,
864 1496 953 1577 quod
970 1495 1061 1561 lacile
1078 1497 1282 1578 intellegitur,
1309 1517 1437 1559 amores

140 1604 294 1666 iuveniles
319 1605 450 1668 omnino
474 1605 648 1668 abhorrent
670 1626 689 1667 a
710 1607 924 1686 piscatoribus
947 1608 1087 1682 senibus,
1119 1608 1188 1688 qul,
1206 1607 1327 1670 victum
1360 1608 1436 1686 quti-

139 1715 273 1776 dianum
298 1724 329 1777 et
354 1734 485 1796 parcum
509 1715 660 1778 laboriosi
682 1716 743 1778 sibi
759 1718 924 1798 acquirere
947 1719 1108 1784 studeant.
1127 1757 1169 1764 —
1192 1717 1228 1778 In
1244 1718 1434 1798 quaestione

140 1835 250 1887 autem
264 1826 429 1888 denatura
443 1825 571 1906 dialogi,
589 1846 686 1907 quem
699 1829 890 1892 Fritzschius
903 1830 1013 1892 ruralis
1030 1828 1179 1890 carminis
1192 1827 1433 1891 similitudinem

140 1935 354 1998 affectare
379 1937 515 2018 scripsit,
541 1957 634 1998 suum
659 1939 795 2020 quisque
819 1949 972 2020 sequatur
996 1938 1159 2000 iudicium.
1207 1936 1341 1999 Miratur
1363 1945 1433 1998 tum

140 2047 168 2107 F
170 2046 346 2119 ritzschius,
370 2047 459 2126 quod
483 2046 546 2108 hoc
562 2067 691 2109 carmen
707 2049 750 2112 ita
767 2049 968 2113 concluditur
987 2056 1041 2110 »ut
1056 2047 1268 2110 admonitioni
1284 2066 1435 2108 versuum

141 2166 367 2220 extremorum
388 2157 452 2218 vim
476 2157 652 2238 quamdam
676 2159 831 2222 moralem
855 2160 897 2220 ad
913 2179 1026 2221 omnes
1050 2157 1203 2220 mortales
1219 2157 1434 2238 pertinentem

141 2267 184 2328 de
207 2267 361 2330 industria
376 2267 554 2330 admixtam
579 2289 650 2330 esse
674 2269 873 2351 intellegas«.
916 2270 993 2332 Non
1017 2277 1103 2330 recte
1120 2266 1325 2349 perspexisse
1348 2266 1434 2328 vide·

141 2387 194 2439 tur
216 2377 410 2440 Fritzschius
433 2380 605 2442 mimorum
630 2389 793 2446 naturam:
816 2381 949 2462 copiose
972 2380 1057 2441 enim
1086 2376 1260 2460 proverbia
1291 2377 1342 2439 vel
1364 2397 1434 2440 sen·

140 2487 260 2549 tentias
283 2489 486 2570 popularium
517 2489 631 2551 animis
659 2492 926 2554 accommodatas
956 2487 1094 2552 afferunt
1125 2498 1158 2550 et
1185 2487 1316 2569 dialogo
1347 2487 1435 2568 large

141 2599 293 2659 inserunt.
305 2595 328 2679 q
374 2599 487 2680 Itaque
511 2600 600 2680 quod
625 2601 656 2661 in
681 2601 768 2662 exitu
793 2601 888 2662 huius
912 2601 1001 2664 mimi
1025 2600 1140 2682 legitur
1163 2598 1335 2671 sententia,
1361 2618 1435 2679 qua-

141 2707 205 2769 lem
229 2707 345 2769 cotidie
369 2708 399 2770 in
423 2709 483 2770 viis
505 2709 641 2790 publicis
665 2711 818 2773 exaudire
843 2720 946 2792 potes,
971 2710 1162 2793 praesertim
1184 2729 1258 2772 cum
1282 2709 1323 2774 id.
1348 2708 1433 2772 XIV.

140 2836 282 2900 quoque,
307 2817 362 2898 qui
386 2819 510 2899 etipse
534 2830 583 2882 est
606 2820 731 2895 mimus,
757 2822 789 2882 in
811 2822 1003 2883 sententiam
1026 2820 1211 2902 generalem
1228 2828 1332 2889 exeat,
1358 2818 1436 2880 mihi

139 2927 274 3009 quidem
290 2927 405 2989 mirum
423 2949 487 2990 non
502 2929 637 2992 videtur.
674 2931 824 2993 Fontanii
840 2931 949 3003 verba,
974 2950 1058 3012 quae
1074 2929 1180 2992 attulit
1196 2925 1434 3010 Fritzschius³),

138 3038 427 3120 praetermittenda
449 3059 519 3102 esse
545 3060 673 3114 censeo,
697 3061 772 3103 curn
795 3061 878 3114 eum,
902 3042 956 3122 qui
980 3060 1141 3102 summam
1164 3039 1264 3103 totius
1288 3039 1435 3100 carminis

139 3157 243 3230 ponat
265 3147 297 3208 in
321 3148 519 3229 piscatorum
540 3171 619 3213 cena
643 3151 716 3213 exili
739 3152 892 3233 opinione
914 3150 1131 3233 praeiudicata
1162 3149 1205 3212 ad
1234 3169 1366 3218 carmen
1391 3169 1435 3211 re·

139 3259 340 3322 censendum
370 3260 543 3322 accessisse
574 3262 721 3324 doceant.
770 3262 948 3324 Descendit
975 3260 1188 3334 FritzschiuS,
1221 3279 1296 3321 cum
1320 3279 1437 3321 causae

252 3521 269 3590 ¹)
290 3524 395 3572 Ahrens.
415 3523 493 3572 etiam
512 3525 565 3574 idd.
585 3525 649 3572 VIII
667 3535 691 3572 et
709 3525 746 3573 IX
764 3523 839 3574 obelo
860 3525 972 3574 confodit
997 3537 1079 3589 neque
1104 3531 1188 3572 tamen
1207 3525 1233 3571 ln
1252 3523 1340 3588 spuriis
1359 3523 1435 3570 collo·

140 3631 197 3663 care
216 3631 290 3664 ausus
308 3625 357 3678 est,
385 3632 442 3665 cum
460 3633 498 3666 res
517 3618 573 3666 ideo
592 3618 624 3665 ad
643 3617 767 3680 quuidum
786 3617 889 3683 perduci
908 3634 959 3666 non
978 3617 1063 3684 possit,
1084 3633 1140 3666 cum
1160 3633 1189 3664 err
1207 3615 1318 3664 carmina
1336 3615 1434 3663 lacunis

139 3707 269 3756 abundent
289 3703 463 3777 (cf.Meinek.)
484 3719 508 3758 et
527 3709 559 3758 id.
580 3710 623 3758 lX.
643 3711 724 3760 solum
745 3713 902 3776 prooemium
921 3711 1033 3775 spurium
1052 3709 1165 3760 videatur
1183 3723 1236 3758 esse
1257 3704 1298 3773 (cf.
1318 3706 1438 3759 Fritzsch.

138 3799 178 3846 ed.
198 3797 255 3862 m).
293 3800 352 3848 Non
370 3801 439 3848 omni
458 3811 584 3866 praeterea
602 3803 745 3866 suspicione
763 3816 846 3851 carere
864 3802 926 3851 mihi
953 3803 1051 3851 videtur
1069 3801 1104 3850 id.
1124 3801 1176 3861 111,
1201 3815 1259 3849 curn
1278 3806 1347 3847 tanta
1365 3799 1439 3846 Inter·

138 3890 212 3940 cedat
238 3892 375 3941 similitudo
397 3893 460 3941 inter
483 3894 532 3942 hoc
556 3902 580 3942 et
605 3893 638 3942 id.
666 3870 717 3956 XI,
746 3903 772 3942 ut
800 3909 831 3941 ne
851 3910 929 3943 unum
948 3895 1050 3958 quidem
1070 3909 1168 3942 versum
1186 3892 1299 3941 invenias
1319 3887 1439 3956 (exceptis

138 3984 260 4048 exemplis
279 3999 309 4032 ex
327 3985 482 4049 mythologie
501 3985 590 4050 petitIs,
611 4003 675 4050 quae
694 3987 787 4051 largius
806 3986 897 4036 inserta
916 3987 992 4049 sunt),
1013 3987 1056 4050 qui
1074 3998 1127 4036 nou
1146 3985 1256 4034 imitetur
1271 3999 1333 4032 vers.
1346 3982 1380 4032 id.
1394 3983 1439 4030 XI.

142 4105 176 4113 -
195 4074 234 4124 Cf.
255 4075 378 4127 Gebauer.
397 4077 415 4125 l.
436 4077 453 4125 l.
473 4077 507 4126 11.
531 4089 552 4126 1.
572 4096 597 4143 p,
621 4091 687 4139 142.¹

248 4164 267 4235 ²)
290 4169 424 4224 Mimorum
436 4178 550 4219 naturam
561 4172 638 4235 longe
655 4173 750 4236 optime
765 4172 909 4236 exposuisse
923 4171 1021 4222 videtur
1033 4171 1094 4220 mihi
1108 4171 1169 4220 Otto
1178 4169 1246 4233 Jahn
1259 4169 1300 4218 ed.
1315 4169 1347 4217 A.
1362 4167 1439 4216 Persii

107 4241 112 4254 ⁵
134 4260 223 4326 ¹Flacci
243 4268 344 4309 saturer.
364 4261 400 4310 lib
428 4262 501 4310 Bonu
523 4262 598 4326 1843.
621 4280 647 4327 p.
667 4263 735 4312 CIII.
756 4280 826 4328 seqq.

249 4349 270 4419 ³)
293 4353 381 4402 ›Deux
399 4352 528 4420 pecheurs,
548 4357 601 4419 qui
626 4365 687 4405 ont
713 4357 778 4405 mal
804 4357 917 4421 soupe,
944 4366 1003 4407 sont
1020 4355 1129 4405 couches
1147 4364 1186 4404 etc
1190 4393 1298 4414 ,,,,,
1319 4339 1388 4400 Etait
1404 4380 1441 4388 —

138 4445 193 4494 cela
205 4445 231 4494 la
243 4445 316 4509 peine
328 4445 359 4493 de
377 4446 437 4496 latre
455 4463 504 4497 une
522 4448 628 4512 idyllel«
653 4478 683 4486 --
708 4449 774 4498 Eam
794 4451 827 4498 ob
840 4465 942 4498 causam
956 4455 1032 4514 poeta
1044 4448 1139 4497 inducit
1152 4447 1299 4513 piscatorem
1321 4443 1358 4495 ori
1383 4463 1440 4495 no-

139 4534 290 4589 lriorrov
311 4535 355 4603 (vs.
374 4537 429 4608 4ο.)
459 4549 510 4590 tam
535 4541 671 4605 singularIa
695 4541 879 4603 somniantem,
906 4557 963 4590 cum
983 4558 1013 4590 ea
1032 4541 1129 4590 somnia
1148 4555 1232 4590 revera
1250 4547 1368 4589 eventura
1387 4555 1441 4589 esse

137 4631 310 4682 credebantur.
348 4630 479 4695 (Artemid.
500 4632 532 4682 de
550 4649 632 4682 somn.
655 4646 675 4683 1.
695 4631 745 4700 8.):
774 4641 839 4682 tecte
856 4633 932 4698 igitur
951 4643 975 4683 et
994 4633 1073 4682 facete
1100 4633 1243 4697 designavit
1267 4640 1343 4696 poeta
1361 4632 1442 4696 pisca·

137 4725 197 4774 toris
215 4725 283 4774 senis
302 4739 385 4775 curam
404 4733 429 4773 et
447 4726 568 4787 timorem,
589 4743 620 4776 ne
639 4726 751 4774 laederet
769 4725 882 4790 Neptuni
901 4725 940 4774 vel
959 4725 1127 4790 Amphitritae
1145 4724 1260 4774 numina.
