3500 5498
161 711 293 764 secutus
322 703 371 764 his
393 703 538 766 versibus
563 703 773 784 Apollonium
796 705 960 768 Rhodium
984 703 1157 784 significari
1181 705 1342 788 exposuit.
1390 703 1454 766 Ob·

161 814 288 876 locutus
306 823 355 876 est
370 813 500 876 Merkel.
527 814 646 904 (Apoll.
671 815 777 878 Rhod.
804 815 882 894 Arg.
910 815 958 876 ed.
977 815 1066 896 Lips.
1090 816 1204 898 1854),
1230 814 1283 896 qni
1302 834 1334 894 p.
1350 813 1454 880 XXV.

161 924 242 986 haec
265 923 413 1004 protulit:
445 925 585 987 »Versus
601 924 768 988 Theocriti
792 927 949 988 notissimi
972 926 1014 988 id.
1032 925 1101 989 Vll.
1119 938 1171 1004 45.
1196 926 1238 986 ad
1262 931 1313 1002 48.
1338 925 1456 1005 quibus

162 1034 357 1098 architectos
387 1043 496 1106 notat,
528 1035 581 1115 qni
611 1036 727 1098 domos
758 1047 882 1100 struere
914 1035 1012 1098 velint
1043 1029 1113 1099 loon
1143 1031 1236 1119 ὄρευς
1266 1037 1396 1117 κορυφῇ
1423 1045 1456 1098 et

161 1153 278 1226 poetas
301 1145 454 1217 traducit,
487 1145 541 1225 qni
573 1145 730 1208 imitando
760 1146 842 1208 Chio
866 1155 939 1208 vate
963 1153 1115 1226 satagant
1138 1153 1170 1206 et
1194 1144 1389 1216 balbutiant,
1417 1145 1455 1206 in

161 1255 456 1338 Apollonium,
490 1256 621 1318 scribi
644 1275 722 1318 non
746 1265 989 1338 potnerunt,
1014 1254 1122 1336 quod
1153 1255 1335 1334 putabat
1359 1253 1453 1317 Ger-

160 1366 339 1428 hardius
362 1366 432 1430 lect.
457 1367 522 1448 Ap.
546 1385 577 1447 p.
607 1378 644 1446 5.,
668 1366 698 1428 si
728 1367 863 1446 ipsum
893 1366 992 1428 illud
1023 1364 1232 1446 idyllium,
1267 1366 1326 1426 uti
1358 1363 1451 1428 lieri

161 1476 288 1551 solet,
325 1476 498 1539 iuvenili
533 1475 754 1538 Theocriti
784 1477 920 1538 aetati
952 1476 1357 1568 adsignandnmest.
1406 1476 1457 1537 De

163 1587 335 1667 Antagora
358 1585 488 1648 Rhodio
517 1583 579 1648 vel'
600 1586 663 1648 alio
695 1587 763 1648 eins
796 1588 954 1668 temporis
985 1585 1163 1648 Thebaidis
1192 1594 1249 1648 ant
1279 1585 1457 1648 Heracleae

162 1705 261 1778 poeta
285 1697 420 1777 cogitari
442 1697 593 1778 poterit«.
642 1694 717 1768 Sed,
743 1697 788 1758 uti
812 1697 933 1778 scripsi,
957 1697 1042 1758 nulla
1063 1697 1197 1778 proferri
1219 1705 1329 1778 potest
1351 1717 1455 1770 causa,

163 1807 207 1868 ob
231 1827 328 1887 quam
351 1806 561 1869 Theocritum
585 1807 734 1868 invenem
758 1808 981 1888 composuisse
1002 1807 1065 1878 hoc
1100 1827 1230 1870 carmen
1261 1815 1457 1872 statuamus:

162 1918 264 1980 immo
280 1917 428 1981 carminis
445 1917 603 1998 elegantia
619 1926 751 1998 poetam
774 1935 916 1979 summas
932 1917 1043 1980 laudes
1059 1917 1206 1998 poeticas
1223 1917 1287 1979 iam
1301 1917 1457 1999 adeptum

164 2009 311 2088 autorem
354 2035 495 2090 statuere
527 2048 586 2089 nos
625 2027 723 2092 iubet.
772 2027 869 2106 Quod
901 2037 1009 2088 antem
1039 2027 1211 2089 Merkelins
1240 2013 1396 2090 Philetam
1425 2037 1458 2090 et

164 2139 304 2199 Aratum
327 2136 493 2199 Theocriti
525 2136 693 2200 familiares
725 2138 862 2224 alterum
885 2138 1016 2201 Iliadem
1046 2137 1183 2200 alterum
1207 2136 1390 2218 Odysseam
1414 2159 1457 2199 re·

164 2248 327 2308 censuisse
350 2248 486 2328 scripsit,
513 2247 555 2308 nil
579 2246 654 2310 facit
677 2248 717 2310 ad
741 2257 884 2310 nostram
909 2249 1142 2330 quaestionem,
1168 2269 1241 2310 cnm
1263 2248 1456 2310 Theocritus

165 2378 223 2420 eos
239 2367 355 2438 poetas
372 2360 578 2440 perstringat,
604 2357 658 2438 qui
675 2377 795 2439 magno
814 2359 953 2422 carmine
977 2359 1069 2440 epico
1086 2358 1259 2422 condendo
1276 2359 1456 2421 Homerum

162 2487 302 2549 aequare
325 2469 493 2534 studeant:
529 2490 595 2531 non
619 2469 826 2550 reprehendit
849 2470 1081 2551 grammaticos
1104 2468 1238 2532 Homeri
1263 2469 1458 2530 carminibus

161 2577 353 2640 lectionibus
385 2579 477 2640 variis
507 2580 558 2640 vel
591 2580 675 2642 notis
710 2581 813 2642 doctis
847 2580 969 2643 collatis
1000 2578 1104 2642 lucem
1137 2579 1322 2658 afferentem
1358 2579 1456 2641 etiam

161 2689 318 2750 Herrneia
332 2687 472 2751 Philetae
499 2710 628 2752 carmen
645 2690 773 2770 epicum
788 2690 819 2773 ¹),
843 2699 1000 2771 quantum
1014 2690 1123 2752 videre
1140 2685 1322 2771 possumus,
1340 2689 1456 2751 minus·

162 2797 269 2860 cnlnm
296 2805 372 2864 erat.
412 2799 554 2862 Merkelii
578 2801 618 2862 de
634 2800 691 2862 illis
707 2801 852 2862 versibus
869 2799 1056 2881 opinionem
1072 2800 1172 2862 secuti
1195 2809 1269 2861 snnt
1286 2799 1454 2872 Haulerns,

163 2909 338 2988 BergkiuS,
364 2909 476 2982 Cenat,
504 2920 539 2972 nt
569 2919 669 2974 testes
701 2911 907 2992 gravissimos
936 2911 1110 2972 nominem.
1159 2909 1269 2990 Atque
1298 2909 1458 2972 Haulerns

161 3019 293 3098 quidem
319 3019 352 3102 (l.
369 3020 387 3081 l.
407 3039 437 3100 p.
459 3034 506 3099 15.
525 3022 607 3101 seq.)
633 3041 704 3082 eam
729 3023 771 3084 ob
795 3042 924 3084 cansam
950 3020 1104 3082 Merkelio
1128 3021 1309 3092 assentitur,
1338 3040 1456 3100 »qnnm

163 3130 386 3193 demonstrare
417 3151 516 3213 posse
549 3131 643 3192 nobis
673 3131 858 3204 videamur,
893 3130 1104 3194 Theocritum
1135 3139 1210 3192 ante
1239 3150 1358 3192 annum
1383 3143 1456 3210 250.

162 3238 215 3300 vel
245 3239 390 3321 pluribus
419 3242 511 3302 annis
542 3241 584 3304 id.
618 3240 685 3302 Vll.
717 3241 987 3322 conscripsisse‹:
1021 3241 1084 3302 hoc
1107 3240 1283 3302 Haulernm
1310 3260 1374 3301 non
1406 3241 1458 3302 de-

164 3360 377 3422 monstrasse,
408 3352 465 3412 sed
489 3350 530 3412 de
553 3349 652 3413 schol.
683 3351 790 3412 verbis
821 3350 976 3413 erravisse
1006 3371 1101 3430 snpra
1132 3350 1252 3431 scripsi.
1300 3349 1457 3431 Bergkius

165 3480 296 3542 quoqne
321 3479 360 3521 ea
383 3462 482 3522 verba
504 3459 669 3522 Theocriti
692 3459 789 3521 refert
810 3460 851 3520 ad
875 3459 1078 3538 Antagoram
1095 3460 1269 3534 Rhodium,
1298 3462 1370 3542 »qni
1393 3481 1457 3524 una

164 3591 238 3632 cnm
256 3571 361 3632 Arato
378 3570 536 3652 Antigoni
559 3569 700 3651 hospitio
724 3571 875 3632 utebatur
897 3579 928 3632 et
952 3571 1076 3650 epicam
1094 3571 1207 3652 poesin
1222 3571 1244 3654 ²)
1267 3569 1332 3632 fere
1357 3571 1456 3632 extin-

164 3691 251 3743 ctam
275 3680 467 3742 resuscitare
491 3680 651 3742 audebat«
678 3680 751 3762 (ind.
778 3680 862 3742 lectt.
882 3680 955 3745 Hal.
973 3680 1079 3743 Viteb.
1109 3681 1199 3742 1861.
1226 3701 1257 3762 p.
1282 3680 1365 3762 Vl.):
1392 3702 1458 3744 non

164 3791 320 3863 conced0,
347 3811 420 3853 cum
444 3811 555 3853 versus
577 3789 678 3852 multo
700 3789 902 3852 verisimilius
926 3800 1075 3872 spectent
1097 3793 1138 3853 ad
1162 3791 1341 3854 inimicitias
1365 3792 1457 3854 soda-

164 3901 241 3962 linm
266 3900 369 3962 Musei
393 3900 614 3973 Alexandrini,
640 3901 721 3962 inter
744 3920 826 3980 quos
847 3899 1041 3963 Theocritus
1065 3911 1140 3964 erat.
1180 3901 1293 3964 Conat.
1320 3902 1459 3983 deniqne

164 4010 206 4092 (la
237 4011 376 4090 querelle
405 4011 446 4072 de
477 4009 598 4076 Callim.
631 4020 691 4076 etc.
716 4031 748 4091 p.
777 4027 823 4089 13.
853 4031 883 4076 n.
913 4013 949 4090 1.)
977 4011 1057 4073 haec
1090 4012 1240 4094 protulit:
1279 4012 1360 4074 »Ces
1387 4033 1458 4075 vers

164 4121 259 4184 n'ont
281 4142 339 4202 pas
362 4142 405 4203 pu
431 4119 498 4182 etre
522 4121 632 4194 ecrits,
657 4139 785 4182 comme
809 4140 851 4182 on
875 4119 916 4182 l'a
939 4143 1008 4197 cru,
1034 4131 1145 4184 contre
1168 4122 1379 4205 Apollonius,
1404 4144 1459 4185 car

163 4230 285 4312 l'idylle
308 4229 378 4292 Vll.
410 4251 428 4292 a
460 4231 511 4294 ete
543 4231 718 4313 composee
749 4240 846 4291 avant
876 4245 949 4310 250.
996 4233 1036 4296 V.
1063 4231 1199 4306 Hauler,
1230 4233 1270 4294 de
1294 4233 1457 4298 Theocriti

164 4428 431 4438 ..——---——·-—

277 4534 295 4604 ¹)
318 4537 356 4589 Cl.
377 4536 509 4586 Meinele:
527 4536 650 4585 Analecta
667 4534 842 4584 Alexandrina.
863 4537 944 4584 Berol.
968 4535 1043 4599 1843.
1065 4554 1090 4602 p.
1116 4537 1154 4586 16.
1176 4547 1235 4600 350.
1255 4554 1323 4602 seqq.

276 4627 295 4697 ²)
315 4629 435 4678 Pellae
461 4629 556 4693 scripsit
575 4627 752 4692 Thebaidem,
773 4629 803 4677 cf.
823 4629 881 4680 Vita
900 4631 978 4681 Arati.
1000 4629 1039 4680 ed.
1059 4629 1121 4678 Alfr.
1142 4631 1250 4698 Breysig.
1272 4645 1353 4700 progr.
1373 4647 1457 4698 gymn.

164 4722 259 4772 Erfurt.
285 4722 361 4784 1870.
381 4739 404 4788 p.
426 4734 467 4786 31.
