3500 5498
826 495 1022 578 44

271 691 446 752 Fritschius
463 692 493 752 in
518 699 710 772 argumento
727 691 776 753 ed.
801 693 874 754 mai.
894 715 923 774 p.
944 709 1016 769 204.
1064 691 1285 754 Eichstadtius
1302 693 1387 756 enirn
1405 692 1566 773 (adumbr.

271 811 395 884 quaest.
420 802 460 864 de
484 801 621 864 Theocr.
646 821 777 867 carmm.
803 803 909 865 indole
933 823 964 884 p.
998 803 1065 884 45.)
1090 823 1163 864 cum
1186 803 1389 876 Reinholdio‚
1417 805 1472 887 qui
1496 806 1567 866 eius

269 913 406 994 vestigia
423 933 569 993 premere
584 913 667 976 solet
683 913 734 995 (de
757 913 885 994 genuin.
905 913 1041 978 Theocr.
1060 933 1190 978 carmm.
1209 933 1240 993 p.
1262 915 1336 996 58),
1355 913 1417 976 hnc
1433 934 1566 976 carmen

270 1033 304 1084 ut
327 1023 504 1088 Theocrito
527 1023 694 1104 indignum
713 1023 810 1088 obelo
826 1023 979 1087 confodit.
1029 1025 1187 1096 Wissowa
1204 1034 1314 1088 autem
1338 1025 1367 1107 (l.
1385 1025 1401 1086 l.
1429 1047 1458 1106 p.
1486 1027 1562 1108 32.),

268 1133 450 1196 Reinholdii
484 1135 685 1198 adversarius
715 1135 900 1207 acerrimus,
934 1136 1083 1196 carminis
1115 1137 1315 1216 genuitatem
1345 1133 1488 1197 defendit
1521 1135 1563 1197 ab

270 1243 387 1305 horum
410 1245 551 1306 virorum
576 1245 698 1328 impetu
722 1255 874 1329 recteque
906 1247 1031 1308 monuit
1059 1267 1116 1308 eos
1148 1245 1464 1318 »declamationibus
1497 1267 1563 1307 non

270 1357 485 1436 argumentis«
513 1376 668 1439 pugnare.
715 1355 788 1438 Ipse
811 1366 881 1419 tum
903 1355 1037 1440 protulit
1061 1357 1263 1430 sententiam,
1280 1377 1409 1418 carmen
1426 1356 1565 1418 fortasse

269 1487 340 1528 esse
363 1467 493 1528 maioris
516 1463 797 1548 ἀποσπασμάτιον.
834 1459 927 1529 Hanc
943 1469 1136 1528 sententiam
1159 1487 1249 1530 suam
1269 1467 1342 1529 lecit
1368 1466 1564 1530 Fritzschius

222 1655 225 1660 ι
271 1577 325 1658 (de
348 1585 435 1660 poet.
460 1581 516 1658 gr.
535 1577 597 1638 buc
630 1599 660 1659 p.
684 1579 879 1660 25.),·quam
908 1597 996 1648 vero,
1032 1597 1126 1639 inam
1158 1578 1227 1638 dies
1260 1579 1344 1640 diem
1374 1578 1503 1640 docuit‹
1530 1577 1562 1638 in

270 1687 320 1749 ed.
345 1689 417 1756 mai,
442 1709 470 1753 a.
499 1691 587 1768 1870.
607 1695 693 1749 recte
709 1687 826 1750 reiecit.
874 1687 1074 1749 Asteriscum
1099 1688 1230 1749 carmini
1247 1688 1398 1771 apposuit
1421 1687 1561 1752 Ahrens

270 1818 329 1860 nec
350 1807 460 1860 tamen
490 1819 530 1860 eo
555 1797 720 1881 processit,
755 1806 790 1859 ut
822 1817 951 1860 carmen
982 1799 1013 1859 in
1049 1799 1242 1860 incertorum
1272 1798 1344 1869 loco
1374 1797 1562 1880 collocaret;

268 1907 447 1970 Meinekius
469 1928 601 1991 quoque
624 1927 753 1970 carmen
769 1907 998 1970 Theocriteum
1021 1929 1091 1970 esse
1111 1917 1233 1974 censet.
1282 1909 1328 1970 At
1348 1929 1433 1972 nunc
1456 1909 1565 1972 extitit

270 2017 309 2085 G.
334 2019 488 2090 Knaack.,
520 2019 575 2101 qui
604 2017 668 2080 hoc
699 2038 829 2080 carmen
863 2037 934 2079 eam
968 2017 1070 2080 solam
1103 2019 1146 2081 ob
1178 2039 1317 2091 causam,
1349 2020 1438 2102 quod
1451 2019 1473 2100 1)
1501 2041 1564 2082 »ex

269 2138 380 2213 aperta
404 2128 590 2192 Callimachi
613 2129 656 2212 (in
690 2128 759 2196 Del.
793 2129 861 2210 98.)
897 2127 1086 2203 imitatione,
1124 2151 1205 2213 quae
1240 2130 1321 2191 inest
1355 2131 1461 2192 versui
1498 2146 1562 2209 30,

268 2237 530 2300 Wilamowitzius
553 2237 683 2320 collegit
718 2258 836 2320 poema
871 2259 936 2300 non
971 2239 1136 2301 Theocriti
1167 2259 1238 2300 esse
1272 2240 1330 2300 sed
1360 2240 1563 2314 imitatoris«,

269 2351 338 2432 ipse
367 2347 500 2433 quoque'
530 2369 660 2411 carmen
689 2347 1032 2410 Pseudotheocriteum
1068 2369 1139 2411 esse
1163 2358 1280 2412 censet.
1334 2349 1440 2412 Doleo
1472 2351 1562 2432 quod

269 2461 413 2522 Knaack.
448 2460 564 2532 locum,
602 2460 656 2522 ubi
689 2481 717 2520 v.
744 2458 783 2520 ill.
810 2458 1031 2521 Wilamowitz.
1071 2461 1102 2522 id
1138 2460 1257 2532 statuit,
1295 2479 1359 2522 non
1393 2459 1563 2525 indicavit:

269 2573 419 2656 equidem
444 2593 510 2634 non
534 2571 649 2632 inveni.
697 2571 847 2632 Fortasse
873 2578 982 2632 autem
1005 2571 1068 2632 hoc
1092 2591 1224 2653 quoque
1246 2570 1423 2643 Knaackio,
1463 2591 1563 2655 quon·

269 2683 330 2744 iam
363 2682 462 2744 multa
498 2680 549 2763 (cs.
586 2681 744 2745 dissertat.
770 2701 848 2762 pgg.
876 2697 904 2741 2.
931 2690 995 2743 not.
1024 2698 1052 2742 2.
1078 2703 1108 2764 p.
1138 2683 1186 2744 18.
1211 2703 1241 2762 p.
1267 2697 1317 2757 24.
1335 2700 1364 2742 n.
1383 2697 1434 2759 34.
1460 2703 1489 2762 p.
1510 2683 1562 2746 26.

268 2801 301 2854 et
324 2812 353 2856 n.
373 2805 423 2870 35.
441 2795 523 2876 eta),
548 2791 718 2852 occasione
743 2793 818 2854 data
842 2792 1002 2854 indicavit.
1051 2791 1166 2873 Neque
1190 2791 1275 2852 enim
1306 2790 1457 2852 credibile
1482 2791 1561 2854 mihi

267 2900 401 2973 videtur,
418 2901 700 2962 lVilamowitzium
726 2902 826 2963 uirum
848 2885 1094 2982 sagacissimum
1111 2910 1143 2962 et
1158 2901 1377 2963 cautissimum
1390 2901 1466 2963 talia
1482 2902 1561 2985 pub·

267 3012 315 3074 lici
331 3012 406 3074 iuris
422 3012 550 3076 fecisse:
574 3020 624 3073 est
647 3013 733 3075 enim
756 3013 950 3085 coniectura,
976 3031 1076 3094 quam
1098 3011 1230 3094 protulit
1246 3011 1440 3079 Knaackius,
1464 3013 1561 3074 auda·

267 3123 393 3184 cissima
417 3131 449 3185 et
475 3120 568 3205 plane
592 3122 781 3204 respuenda.
820 3123 905 3184 Nam
924 3121 1007 3182 unde
1027 3120 1175 3182 concludi
1200 3129 1317 3203 potest,
1342 3141 1417 3182 cum
1442 3131 1561 3204 poetae

266 3233 418 3314 aequales
428 3241 544 3306 essent,
553 3231 764 3294 Theocritum
774 3231 1005 3294 Callimachum
1018 3231 1177 3293 imitatum
1186 3229 1317 3313 essell).
1343 3231 1389 3293 At
1402 3233 1443 3294 sit
1453 3231 1560 3294 Theo-

266 3344 363 3406 critus
375 3340 540 3409 imitatori
553 3361 629 3404 num
645 3341 719 3403 inde
735 3343 879 3425 sequitur
895 3349 1002 3403 totum
1019 3361 1234 3416 carmen,cum
1251 3361 1349 3404 unum
1367 3363 1496 3404 versum
1517 3364 1561 3408 ex

265 3452 487 3516 Callimacheis
510 3452 689 3514 fortasse
713 3453 773 3515 sibi
795 3452 978 3536 sumpserit,
1004 3471 1068 3513 non
1093 3472 1163 3514 esse
1187 3451 1372 3514 Theocriti?
1404 3454 1559 3534 ignorare

265 3563 392 3625 videtur
415 3562 608 3636 KnaackiuS,
634 3563 814 3648 complures
837 3561 927 3624 locos
950 3563 981 3623 in
1013 3561 1176 3624 Theocriti
1209 3563 1403 3624 carminibus
1435 3572 1557 3637 extare,

265 3675 320 3759 qui
345 3673 632 3737 Callimacheorum
654 3674 804 3735 simillimi
828 3673 892 3734 sint
916 3692 1056 3755 raroque
1079 3680 1149 3734 uter
1172 3673 1213 3733 sit
1235 3673 1376 3734 imitator
1400 3673 1560 3738 enucleari

265 3805 370 3868 posse.
417 3767 584 3845 Praeterea
608 3792 716 3846 autem
747 3805 788 3846 ex
819 3783 881 3845 hac
904 3782 1027 3844 ratione
1060 3782 1227 3844 Knaackio
1254 3785 1461 3846 statuendum
1490 3796 1560 3848 erat

265 3895 373 3958 Ovidii
398 3897 509 3979 (quern
533 3893 671 3957 Theocr.
697 3895 737 3960 id.
764 3893 873 3957 XXVI
897 3894 1057 3954 imitatum
1089 3913 1160 3954 esse
1189 3895 1312 3976 censet)
1343 3893 1557 3979 Metamorph.

265 4007 306 4068 de
328 4005 466 4067 Penthei
491 4014 596 4066 morte
620 4006 808 4088 particulam
832 4024 898 4066 non
923 4022 995 4064 esse
1021 4002 1120 4085 ipsius
1149 4001 1255 4065 Ovidii
1282 4004 1339 4064 sed
1371 4004 1556 4069 imitatoris!

372 4231 390 4302 ¹)
411 4234 442 4283 G.
453 4234 572 4284 Knaack:
585 4234 708 4283 Analecta
717 4232 1025 4283 AlexandrinoRomana.
1042 4234 1074 4282 D.
1085 4233 1105 4282 l.
1117 4233 1300 4298 Gryphiswald.
1315 4231 1388 4282 1880.
1400 4251 1424 4298 p.
1437 4232 1469 4296 58
1479 4251 1503 4284 n.
1515 4232 1559 4283 81.

374 4323 393 4396 ²)
414 4327 477 4376 Sunt
495 4326 521 4375 hi
539 4341 638 4375 versus:

472 4417 573 4469 Callim·
592 4420 618 4468 in
637 4419 694 4468 Del.
716 4416 764 4480 98:
795 4414 858 4468 οὐδὲ
885 4415 1042 4488 Κιθαιρών
1062 4414 1070 4487 Η
1090 4419 1222 4469 tuorem·
1243 4415 1352 4487 rrinys'
1361 4437 1407 4469 ων
1435 4419 1471 4470 dt
1497 4421 1557 4470 καὶ

1101 4508 1303 4580 εὖαγεέσσι
1329 4513 1521 4582 proloquar.

472 4604 584 4652 Theocr.
605 4603 699 4654 XXVI.
720 4616 766 4667 30:
796 4601 913 4663 αὐτός
942 4601 1193 4675 τέὗαγέοιμι
1223 4607 1288 4656 καὶ
1315 4603 1559 4674 εὐαγέεσσιν

1100 4696 1253 4770 ἅδοιμι.
