3500 5498
922 477 962 544 50

287 673 344 742 ὑπ’
374 673 485 741 αὐτῶν
516 675 561 753 εἰς
595 674 697 760 dypdu
725 674 779 740 ἐπὶ
811 678 951 742 θαλύσια
979 678 1147 762 Δήμητρος
1178 669 1284 741 ἄπεισι
1312 673 1394 758 μετὰ
1419 672 1579 758 Εὐκρίτου

286 787 341 851 καὶ
352 783 509 870 Ἀμύντου
531 790 603 854 κτλ.
644 787 845 850 Scholiastae
861 789 959 870 igitur
972 790 1082 871 opinio
1099 795 1157 863 est,
1177 797 1211 850 ut
1233 786 1377 849 Haulero
1402 787 1576 856 credamus,

287 896 498 960 Theocritum
521 897 688 978 Syracusis
711 898 951 960 Alexandream
964 899 1217 980 permigrantem
1233 895 1303 960 Con
1331 897 1450 958 adiisse
1474 895 1579 976 ibique

286 1007 485 1070 Phrasidami
509 1019 543 1069 et
573 1007 746 1090 Antigenis
780 1009 920 1071 amicum
949 1005 1069 1072 factum
1101 1027 1181 1070 esse.
1229 1007 1355 1079 Errore,
1383 1026 1578 1087 quamquam

288 1119 374 1180 haud
397 1119 442 1180 ita
465 1137 597 1197 magun,
623 1118 801 1180 adductum
825 1119 923 1182 schol.
951 1140 990 1182 ea
1013 1119 1162 1182 statuisse
1185 1137 1226 1180 ex
1250 1117 1286 1179 iis
1311 1137 1395 1198 quae
1428 1137 1526 1198 supra
1542 1115 1582 1176 de

288 1227 337 1290 Co
359 1227 522 1290 Theocriti
547 1230 657 1290 matris
682 1231 785 1311 patria
808 1230 919 1312 scripsi
949 1229 1040 1292 facile
1064 1228 1267 1309 intellegitur.
1321 1229 1386 1290 Res
1407 1227 1455 1289 ita
1488 1245 1580 1308 expe·

290 1338 408 1408 dienda
430 1347 496 1403 est:
521 1337 715 1402 Theocritus
737 1360 778 1402 ex
809 1339 918 1402 Sicilia
947 1359 1010 1402 una
1039 1360 1112 1401 cum
1144 1349 1245 1400 matre
1274 1337 1345 1400 Con
1375 1357 1411 1399 se
1438 1336 1579 1406 contulit.

291 1450 344 1511 ubi
368 1447 516 1535 Philetas}
540 1458 573 1511 et
595 1449 810 1532 Asclepiades
841 1453 959 1531 poeta!
991 1470 1066 1512 eum
1095 1451 1283 1514 docuerunt.
1331 1446 1581 1509 Adolescentem

290 1579 307 1622 e
332 1557 431 1620 nobili
453 1567 550 1640 gente
573 1569 679 1621 ortum
704 1580 778 1622 cum
803 1560 970 1622 iuvenibus
987 1559 1161 1621 illustribus
1177 1559 1336 1620 amicitiae
1359 1557 1486 1618 vinculo
1509 1577 1582 1618 con·

291 1671 435 1731 iunctum
454 1689 524 1732 esse
540 1668 633 1732 facile
648 1671 850 1752 perspicitur.
887 1671 938 1732 Ex
954 1671 1070 1733 horum
1090 1671 1188 1750 igitur
1204 1688 1337 1730 numero
1354 1677 1445 1728 erant
1460 1666 1583 1728 Phrasi·

290 1779 404 1841 damus
427 1791 459 1841 et
475 1779 667 1861 Antigenes,
684 1801 768 1863 quos
792 1801 832 1841 ex
849 1780 1116 1860 Asclepiadarum
1133 1777 1332 1842 nobilissima
1348 1777 1470 1839 insulae
1485 1786 1582 1858 gente

291 1900 385 1952 natos
407 1909 476 1952 esse
500 1909 598 1971 supra
621 1891 783 1952 adnotavi.
820 1891 872 1954 Ex
891 1891 993 1954 insula
1009 1891 1056 1954 Co
1074 1891 1275 1963 Theocritus,
1301 1888 1388 1950 urbis
1412 1887 1584 1969 splendore

291 2000 442 2079 singulari
467 2009 661 2073 commotus
687 2000 929 2064 Alexandream
952 2001 1170 2084 pcrmigravit.
1211 1999 1312 2062 Vides
1329 2018 1436 2060 meam
1461 2007 1583 2060 senten·

291 2111 369 2172 tiam
403 2115 563 2172 nontam
598 2111 695 2190 longe
730 2111 847 2173 distare
878 2111 1125 2178 ascholiastae„
1171 2111 1321 2174 Ceterum
1356 2116 1585 2188 argumentum

291 2195 437 2294 alterum,
463 2221 552 2302 quod
577 2240 651 2282 curn
674 2221 844 2284 Munatum
867 2221 1083 2303 reprehendat
1105 2222 1148 2284 ab
1171 2219 1387 2284 Eratosthene
1410 2219 1584 2301 interprete

294 2330 513 2409 conscriptum
537 2341 636 2412 atque
660 2332 929 2412 igiturvctustius
952 2333 1175 2404 videturesse,
1200 2330 1402 2392 enuntiatum
1424 2323 1478 2394 ὅτε
1502 2326 1585 2412 πρὸς

298 2443 358 2506 Πτ.
382 2437 534 2523 εἰςΆλεξ.
560 2437 656 2524 ἀπῄει
681 2443 797 2532 omisit
813 2462 971 2522 meaeque
995 2443 1172 2505 sententiae
1195 2443 1319 2524 optime
1342 2439 1438 2505 favet.

398 2550 452 2611 Ad
476 2552 710 2614 enucleandum
724 2555 844 2615 'autem
861 2563 990 2635 tempus
1013 2575 1078 2634 quo
1095 2562 1186 2615 actae
1210 2553 1273 2614 sint
1296 2571 1345 2612 res
1370 2552 1464 2613 huius
1487 2547 1585 2630 idyllii

293 2661 429 2722 multum
453 2660 548 2736 valet,
574 2663 661 2743 quod
686 2664 825 2725 Aratum
854 2673 987 2745 poetam
1013 2662 1180 2726 Solensem
1204 2662 1343 2725 Cotum
1368 2663 1465 2724 tuisse
1490 2661 1585 2722 mani·

294 2770 411 2832 festum
434 2781 492 2842 est.
539 2773 636 2834 Hunc
666 2774 798 2857 quidem
828 2775 912 2837 circa
935 2795 1037 2836 annos
1061 2771 1191 2855 274s73.
1218 2794 1245 2834 a.
1270 2771 1343 2836 Chr.
1370 2794 1400 2837 n.
1425 2773 1457 2834 in
1481 2792 1519 2833 ea
1543 2771 1585 2832 in·

293 2881 365 2942 sula
399 2882 563 2944 habitasse
599 2883 737 2945 coniecit
762 2905 791 2946 v.
826 2884 856 2950 d.
885 2885 1011 2948 Usener
1024 2885 1061 2968 ¹):
1090 2884 1153 2946 »Es
1187 2884 1228 2945 ist
1263 2882 1412 2954 deutlich,
1448 2880 1584 2962 scripsit,

291 2993 365 3053 dass
396 2991 449 3052 die
481 2991 710 3073 Katastrophe,
744 2995 865 3057 welche
895 2994 994 3058 durch
1026 2977 1167 3076 Pyrrhus
1189 2992 1364 3056 Riickkehr
1392 3012 1450 3054 aus
1473 2991 1585 3054 italien

293 3102 373 3163 iiber
388 3101 575 3182 Antigonus
598 3105 699 3185 (apud
716 3126 812 3185 quem
828 3106 1016 3167 versabatur
1038 3115 1107 3167 tum
1123 3105 1257 3185 Aratus)
1282 3102 1503 3176 hereinbrach,
1521 3103 1585 3164 den

292 3211 510 3274 literarischen
530 3212 624 3274 Kreis
641 3214 699 3276 des
716 3215 990 3278 Makedonischen
1005 3215 1107 3277 Hofes
1123 3223 1329 3297 zersprengte
1346 3212 1411 3274 und
1428 3214 1490 3274 den
1507 3212 1585 3274 Ara·

291 3331 343 3383 tus
360 3322 513 3384 aunachst
537 3323 618 3384 nach
635 3323 709 3398 Cos,
735 3326 821 3387 daun
846 3347 884 3387 zu
902 3325 1084 3388 Antiochus
1107 3324 1222 3398 fiihrte,
1246 3326 1297 3387 bis
1314 3324 1366 3385 die
1383 3303 1586 3403 gesicherten

292 3433 455 3495 Zustiinde
472 3433 704 3498 Makedoniens
717 3438 777 3498 seit
790 3453 852 3518 272
870 3437 935 3500 ihm
949 3438 1001 3499 die
1015 3436 1191 3498 Rnckkehr
1205 3443 1434 3517 gestattetenc.
1459 3432 1585 3495 Tamen

293 3544 443 3625 equidem
468 3547 653 3626 negaverim
676 3567 725 3610 res
749 3547 845 3610 huius
869 3548 1016 3610 carminis
1046 3567 1085 3608 eo
1115 3557 1264 3631 tempore
1288 3545 1377 3626 quod
1407 3543 1587 3624 designavit

292 3655 417 3718 Usener
440 3667 528 3718 actas
558 3677 649 3731 esse,
687 3678 760 3720 cum
791 3659 914 3723 Aratus
951 3661 992 3722 ad
1023 3657 1224 3719 Antiochum
1254 3656 1381 3736 fugiens
1417 3655 1458 3716 ad
1487 3656 1586 3715 breve

293 3774 380 3828 certe
404 3774 537 3846 tempus
553 3766 624 3829 Con
650 3769 825 3832 devertisse
849 3770 997 3832 videatur
1020 3768 1057 3848 (si
1082 3767 1214 3829 omnino
1236 3767 1373 3828 insulam
1393 3774 1462 3827 tum
1479 3763 1586 3848 adiitl)

294 3897 398 3958 neque
429 3877 496 3939 eius
527 3878 634 3952 animi,
667 3900 739 3941 cum
772 3881 816 3942 ob
849 3879 922 3942 belli
958 3877 1138 3960 gravissimi
1171 3877 1328 3939 tumultus
1359 3875 1585 3938 Macedoniam

293 3988 442 4048 deserere
458 3995 589 4048 coactus
602 4000 697 4063 esset,
713 3991 792 4052 tales
806 3999 921 4063 essent,
941 3998 976 4050 ut
989 3987 1154 4050 amoribus
1168 3985 1320 4060 futilibus,
1337 4006 1421 4068 quos
1433 3986 1585 4066 designat

294 4116 424 4159 carmen
447 4096 516 4158 Vll.
541 4118 603 4164 vss.
628 4100 681 4178 96.
705 4119 806 4181 seqq.‚
832 4109 961 4183 tempus
985 4107 1112 4163 tereret.
1138 4135 1180 4144 -—
1203 4097 1277 4159 Mea
1305 4097 1465 4158 sententia
1488 4097 1585 4179 plane

294 4203 379 4266 aliud
403 4213 532 4285 tempus
555 4207 762 4268 statuendum
785 4217 842 4270 est.
889 4207 973 4270 Nam
990 4228 1063 4270 cum
1088 4208 1170 4269 inter
1195 4228 1303 4290 opera,
1329 4228 1413 4290 quae
1446 4207 1586 4270 Aratum

295 4313 460 4397 scripsisse
484 4315 639 4378 traditum
663 4326 720 4390 est,
746 4317 896 4380 nonnulla
918 4319 959 4380 ad
983 4327 1085 4380 artem
1109 4319 1268 4381 medicam
1293 4319 1471 4402 spectantia
1501 4319 1585 4381 inve·

295 4423 430 4497 niantur,
457 4432 543 4486 recte
566 4426 640 4488 inde
663 4429 809 4491 concludi
833 4438 953 4511 potest,
978 4437 1112 4511 poetam
1136 4428 1334 4512 aliquamdiu
1358 4429 1417 4490 arti
1442 4430 1588 4493 medicae

296 4581 560 4596 b—--——--—-—-

405 4671 424 4744 ¹)
443 4673 479 4723 Cs.
501 4677 591 4727 Rhein.
621 4679 685 4728 Mus.
705 4679 737 4728 N.
757 4681 785 4729 F.
805 4681 897 4732 XXIX.
918 4699 944 4747 p.
964 4693 1006 4741 42.
1027 4697 1052 4730 n.
1072 4691 1095 4742 3.
1119 4678 1196 4745 (nuh
1215 4680 1361 4746 Epigramm
1383 4695 1431 4728 von
1451 4679 1586 4749 Cnidosc).
