3500 5498
290 683 418 728 carmen
435 664 653 747 compositum
673 683 744 726 esse
759 664 836 739 vult,
862 686 966 748 neque
982 665 1173 728 Theocritus
1188 683 1294 745 neque
1309 663 1429 724 Aratus
1452 662 1584 726 iuvenes

291 783 398 848 erant,
431 775 532 838 immo
565 773 782 856 quadraginta
816 775 882 838 fere
914 796 1017 844 annos
1048 775 1112 838 uati
1145 775 1209 836 iam
1236 783 1326 836 erant
1342 773 1369 857 ¹).
1416 775 1585 836 Praeterea

291 894 401 948 autem
434 883 627 964 Apollonius
661 884 828 958 Rhodius.
865 885 956 949 cuius
989 885 1092 966 gloria
1121 885 1251 967 poetica
1282 884 1332 947 vel
1367 884 1506 947 amicitia
1533 883 1585 948 vel

291 995 453 1060 simultate
487 995 698 1058 Theocritum
732 994 774 1056 ad
808 996 952 1058 carmina
990 996 1164 1077 pangenda
1198 995 1375 1059 adductum
1409 1015 1481 1058 esse
1516 995 1584 1057 vult

290 1105 493 1180 Fritzschius‚
519 1125 604 1168 anno
628 1105 699 1167 262.
726 1125 753 1166 a.
778 1104 851 1171 Chr.
878 1127 919 1179 n..
946 1114 981 1168 ut
998 1106 1162 1168 Ritschelii
1186 1107 1475 1188 computationem,
1501 1126 1584 1186 quae

291 1215 469 1280 Fritzschio
501 1224 579 1280 nota
607 1224 694 1278 certe
727 1225 813 1291 erat,
846 1236 1037 1297 sequamur,
1069 1217 1245 1279 admodum
1275 1235 1356 1296 puer
1377 1225 1454 1278 erat.
1501 1215 1585 1278 Cum

290 1327 375 1390 enim
400 1326 439 1389 ol.
469 1325 581 1403 ¹²⁶lnr.
607 1335 701 1389 natus
724 1336 811 1388 esset
827 1329 866 1409 ⁹),
896 1346 982 1389 anno
1007 1328 1079 1389 262.
1105 1347 1131 1390 a.
1157 1325 1229 1388 Chr.
1256 1337 1342 1390 certe
1366 1327 1464 1388 tantis
1485 1324 1584 1387 laudi-

291 1435 352 1498 bus
377 1437 521 1499 nondum
552 1435 705 1509 florebat,
740 1445 775 1498 ut
796 1435 1008 1500 Theocritum
1040 1445 1094 1500 aut
1120 1437 1259 1499 amicum
1288 1445 1343 1499 aut
1365 1436 1584 1498 adversarium

293 1546 436 1613 haberet.

396 1657 550 1719 Eberzius
586 1677 731 1739 quoque,
768 1657 857 1720 cuius
896 1659 1089 1726 sententiam
1129 1655 1220 1722 affert
1255 1656 1449 1720 Fritzschius
1492 1656 1585 1738 (liber

290 1776 420 1849 praesto
443 1766 519 1829 mihi
544 1787 607 1830 non
631 1769 722 1850 erat).
748 1766 925 1830 Haulerum
949 1777 1078 1830 secutus
1102 1767 1331 1840 videturesse,
1358 1787 1451 1832 nam:
1477 1765 1581 1829 Theo·

290 1877 362 1950 krit,
388 1875 499 1958 inquit,
523 1876 648 1940 scheint
670 1877 822 1940 wahrend
845 1877 903 1940 des
939 1878 1095 1940 zwischen
1132 1877 1192 1956 265
1225 1877 1290 1938 und
1322 1890 1385 1956 259
1425 1875 1585 1939 sallenden

290 1985 517 2050 Aufenthaltes
540 1987 571 2050 in
595 1986 660 2050 Cos
672 2008 726 2049 zur
749 1986 944 2051 bleibenden
968 1987 1172 2066 Erinnerung
1199 2007 1240 2049 an
1258 1987 1308 2050 die
1332 1987 1391 2049 mit
1414 1987 1585 2050 Freunden

251 2105 253 2112 “
293 2097 358 2159 und
382 2096 569 2160 Bekannten
591 2096 691 2160 schdn
714 2097 856 2160 verlebte
879 2098 949 2160 Zcit
973 2099 1056 2160 eben
1080 2098 1137 2160 das
1162 2097 1231 2159 Vll.
1257 2094 1397 2160 Gedicht
1419 2096 1586 2178 abgelasst

292 2205 358 2269 und
381 2205 466 2268 wohl
488 2227 547 2270 vor
570 2207 692 2270 seinem
712 2207 880 2270 Abschied
904 2208 969 2272 und
990 2209 1095 2270 seiner
1117 2207 1254 2270 Abreise
1277 2208 1359 2270 nach
1388 2208 1585 2270 Alexandria

292 2317 403 2379 seinen
428 2317 599 2379 Freunden
624 2317 807 2380 iiberreicht
835 2340 874 2381 zu
905 2318 1023 2380 haben.
1050 2327 1120 2390 etc,
1152 2317 1241 2399 quod
1266 2317 1396 2397 quidem
1422 2318 1585 2399 posterius

291 2433 358 2488 tam
390 2426 567 2508 splendidis
593 2427 700 2490 verbis
730 2427 933 2490 enuntiatum
969 2427 1055 2490 unde
1088 2427 1261 2509 sumpserit
1297 2427 1343 2489 vir
1375 2428 1585 2490 doctissimus

292 2536 444 2614 equidem
469 2537 586 2602 nescio,

399 2646 472 2708 Non
496 2665 609 2708 omnes
633 2646 673 2710 de
698 2646 792 2709 huius
815 2646 912 2728 idyllii
936 2667 1022 2709 anno
1046 2646 1142 2709 natali
1177 2647 1347 2729 opiniones
1369 2647 1584 2721 adumbratio,

293 2755 352 2818 scd
375 2757 483 2818 statim
507 2776 613 2818 meam
635 2757 667 2819 in
691 2757 833 2820 medium
857 2756 1034 2839 proferam!

401 2865 534 2928 Poetam
566 2874 633 2927 arte
661 2866 788 2948 poetica
821 2867 961 2928 maxime
992 2866 1159 2930 florentem
1200 2867 1263 2930 hoc
1294 2888 1423 2930 carmen
1453 2889 1587 2951 compo-

295 2976 396 3038 suisse
419 2995 514 3055 supra
538 2976 660 3058 scripsi.
706 2977 898 3040 Accuratius
921 2986 1030 3038 autem
1050 2996 1169 3038 annum
1185 2977 1317 3039 definire
1337 2978 1471 3040 lortasse
1498 2989 1590 3060 pote-

294 3085 393 3149 rimus
417 3085 561 3147 versibus
584 3086 658 3148 inde
681 3099 768 3165 a45.
793 3087 834 3148 ab
859 3087 946 3149 omui
970 3096 1062 3166 parte
1086 3087 1296 3154 examinatis:
1321 3098 1396 3150 sunt
1422 3089 1470 3154 hi:

453 3189 498 3270 ὥς
519 3218 572 3278 μοι
595 3196 649 3259 καὶ
671 3195 799 3260 τέκτων
820 3193 889 3280 μέγ)
912 3193 1091 3279 ἀπέχθεται
1115 3191 1204 3270 ὅστις
1227 3193 1342 3282 ἒρευνῆ

453 3299 524 3369 ἶσον
546 3300 639 3388 ὄρεος
660 3310 790 3394 κορυφᾷ
812 3306 937 3372 τελέσαι
961 3305 1060 3390 δόμον
1083 3303 1306 3390 Ὠρομέδοντος

452 3415 506 3479 καὶ
528 3421 644 3497 μοισιῖν
668 3411 791 3500 ὄρνιχες
815 3411 883 3482 ὅσοι
907 3418 983 3482 ποτὶ
1008 3421 1093 3482 Χῖον
1114 3413 1225 3482 ἀοιδόν

452 3521 549 3589 ἀντία
571 3524 788 3608 κοκκύζοντες
810 3524 928 3591 ἐτώσια
948 3528 1148 3609 μοχθίζοντα

539 3634 589 3716 (ea
612 3645 662 3698 est
685 3635 781 3699 lectio
805 3636 900 3716 vulg.,
927 3636 1019 3700 omisi
1042 3638 1243 3700 coniecturas
1265 3638 1351 3721 edd.)

400 3744 527 3824 Quibus
561 3745 668 3808 verbis
703 3753 836 3827 poetam
870 3745 1040 3828 aequalem
1075 3747 1244 3827 perstringi
1280 3767 1394 3810 omnes
1432 3751 1588 3814 unanimo

293 3875 454 3918 consensu
485 3863 677 3920 statuerunt.
723 3855 824 3918 Recte
857 3863 967 3917 autern
989 3855 1163 3920 Weichert.
1193 3855 1312 3946 (Ueher
1336 3858 1393 3919 das
1417 3859 1530 3922 Leben
1554 3883 1586 3928 u.

295 3963 377 4031 Ged.
401 3965 433 4030 d.
457 3965 522 4047 Ap.
549 3985 571 4031 r.
596 3964 660 4032 Rh.
690 3987 723 4048 p.
751 3978 800 4045 59.
830 3965 939 4049 §Vll
969 3962 1182 4027 Gerhardium
1212 3967 1311 4050 (lectt.
1344 3968 1452 4050 Apoll.
1483 3991 1514 4052 p.
1546 3977 1588 4057 5.)

403 4197 420 4269 Ι)
442 4201 531 4250 Perse
549 4199 700 4266 intellegitur
718 4200 878 4250 Fritzschium
904 4199 973 4251 vocis
1001 4199 1126 4250 »iuvenis«
1148 4217 1221 4251 usum
1245 4201 1435 4262 Ciceronianum
1461 4205 1509 4255 hoc
1528 4206 1589 4257 locd

292 4301 404 4342 secutum
425 4308 476 4342 non
496 4309 556 4342 esse.

401 4382 421 4453 ²)
442 4385 590 4434 Merkelius:
619 4385 703 4450 Apoll.
725 4384 807 4434 Rhod.
832 4384 928 4448 Argrn.
955 4385 994 4433 ed.
1020 4385 1090 4452 Lips.
1122 4386 1195 4452 1854.
1224 4404 1249 4452 p.
1269 4388 1301 4438 X.
1322 4403 1391 4453 seqq.
1422 4389 1587 4454 Apollonium

293 4475 352 4524 inde
370 4478 403 4525 ab
422 4493 489 4526 anno
509 4476 568 4538 265.
588 4477 620 4525 ad
644 4488 701 4539 193.
720 4478 808 4527 vixisse
828 4485 852 4525 et
871 4476 935 4524 circu
953 4477 989 4527 ol.
1015 4491 1023 4524 ι
1031 4491 1070 4540 32·
1094 4476 1133 4548 (ca
1153 4491 1204 4544 250
1223 4499 1247 4533 a.
1267 4481 1337 4548 Chr.)
1355 4483 1524 4547 Argonautica
1544 4485 1587 4532 ad·

293 4567 397 4618 modum
416 4569 531 4618 iuvenem
554 4567 660 4618 edidisse
686 4569 855 4619 demonstrare
874 4567 976 4617 studuit.
1015 4570 1111 4630 Conat:
1139 4573 1164 4622 la
1189 4574 1298 4638 querelle
1323 4583 1369 4624 etc.
1397 4590 1422 4639 p.
1441 4574 1466 4622 6.
1489 4590 1543 4639 seq.
1564 4583 1589 4625 et

294 4661 403 4726 append.
424 4677 480 4711 eum
500 4660 564 4710 circa
582 4677 605 4708 a.
626 4661 686 4710 260.
706 4677 731 4711 a.
753 4661 812 4710 Chr.
832 4677 856 4710 n.
878 4669 962 4709 natum
983 4678 1037 4710 esse
1056 4666 1147 4714 statuit.
