3500 5498
796 498 828 542 ll

709 573 920 582 ——----—-

163 702 255 757 extat
276 713 375 757 causa
398 716 455 758 cur
481 694 712 758 »Simichidase
740 716 871 779 quoque
894 715 965 756 esse
989 715 1108 756 nomen
1133 693 1244 757 fictum
1269 701 1460 758 statuamus,

162 841 193 848 .„
226 805 461 886 Commigravit
487 805 583 886 igitur
606 805 802 869 Theocritus
826 804 980 887 puerulus
1004 823 1163 864 unacum
1193 811 1296 865 matre
1320 803 1351 864 in
1380 803 1462 864 insu·

161 915 224 976 lam
242 914 322 989 Con,
347 915 457 977 matris
475 916 623 998 patriam,
649 916 704 977 ubi
727 925 831 978 mater
845 934 968 976 novum
989 933 1064 975 cum
1082 911 1226 976 Simicho
1241 913 1461 976 Orchomenio

161 1025 228 1087 iniit
261 1025 511 1089 matrimonium.
559 1026 595 1088 ln
628 1026 688 1088 hnc
718 1027 788 1105 ipsa
819 1025 921 1087 insula
953 1044 1032 1105 puer
1063 1024 1219 1086 educatus
1250 1032 1283 1086 et
1313 1022 1464 1090 omnibns

160 1136 284 1198 artibus
307 1145 340 1197 et
364 1136 548 1219 disciplinis
574 1157 654 1218 quas
678 1146 767 1198 aetas
791 1136 842 1198 illa
869 1135 1059 1198 doctissima
1075 1132 1242 1215 poscebat,
1268 1154 1343 1195 cum
1358 1143 1463 1195 mater

161 1267 179 1307 e
203 1246 402 1309 nobilissima
425 1247 547 1310 insulae
563 1255 662 1328 gente
685 1256 757 1308 orta
772 1255 867 1324 esset,
892 1245 1016 1326 optime
1046 1245 1220 1305 instructus
1244 1240 1301 1305 est.
1350 1244 1464 1324 ltaque

164 1356 280 1418 mirum
305 1377 370 1419 non
395 1366 453 1431 est,
478 1359 569 1439 quod
591 1358 679 1420 hanc
695 1355 841 1429 insulam,
868 1376 951 1437 quae
975 1355 1043 1416 eius
1059 1353 1312 1416 adolescentiam
1330 1353 1462 1434 ingenii·

162 1485 226 1546 que
248 1467 447 1530 incrementa
469 1468 620 1550 inspexit,
644 1486 855 1548 summopere
879 1465 978 1528 coluit
1001 1474 1033 1526 et
1049 1464 1141 1545 quasi
1166 1464 1301 1525 alteram
1325 1464 1463 1544 patriam

163 1577 194 1637 in
219 1575 335 1656 idylliis
357 1578 489 1659 saepius
511 1577 714 1658 significavit.
761 1574 808 1638 Cl.
832 1575 973 1638 Ahrens.
997 1573 1108 1639 Philol.
1126 1571 1214 1635 Gott.
1238 1573 1306 1635 Vll.
1332 1594 1363 1654 p.
1387 1591 1462 1652 412.

161 1687 214 1751 ad.
239 1685 263 1747 1.
291 1699 341 1766 57.
378 1686 453 1766 Quo
477 1687 665 1750 referendus
689 1695 739 1750 est
758 1695 844 1748 certe
862 1706 906 1749 vs.
922 1685 965 1752 id.
982 1685 1004 1746 l·
1026 1699 1086 1765 57,
1104 1686 1158 1748 ubi
1175 1705 1249 1746 cum
1265 1684 1463 1766 Ahrensio¹j

161 1795 337 1876 legendum
362 1817 434 1858 esse
457 1817 576 1860 censeo
599 1799 749 1881 πορθμῆι
771 1795 963 1878 Καλυδοίῳε
988 1795 1170 1875 designavit
1192 1796 1278 1857 enirn
1298 1803 1398 1876 poeta
1422 1795 1464 1855 in·

162 1906 247 1970 sulas
271 1906 456 1982 Καλοόνάς,
482 1927 565 1988 quae
587 1907 737 1990 proxime
762 1906 896 1968 aberant
919 1904 960 1966 ab
985 1906 1087 1966 insula
1102 1904 1160 1970 Co.
1206 1904 1254 1970 Cf.
1279 1903 1310 1967 Il.
1325 1904 1362 1969 ll.
1380 1905 1463 1986 677;

163 2035 181 2078 e
204 2017 309 2097 patria
331 2017 428 2097 igitur
451 2019 502 2102 (ut
517 2016 588 2080 Con
613 2017 657 2078 ita
680 2014 894 2097 appellemus)
918 2025 1017 2096 poeta
1040 2015 1242 2096 praeclarum
1265 2012 1341 2075 illud
1365 2034 1462 2094 pocu-

162 2125 228 2188 lum
262 2125 504 2208 Daphnideque
535 2128 670 2208 dignum
701 2125 831 2188 allatum
856 2145 927 2186 esse
956 2125 1092 2207 scripsit.
1108 2121 1132 2206 ²)
1156 2123 1356 2214 Thestylidis
1386 2145 1464 2204 quo·

163 2256 227 2318 que
251 2257 372 2299 nomen
395 2237 448 2320 (id.
473 2237 523 2320 Π.)
553 2258 593 2299 eo
622 2235 773 2298 libentius
804 2255 846 2297 ex
873 2234 1055 2316 Sophronis
1085 2235 1192 2296 mimis
1222 2233 1336 2316 (schol.
1361 2228 1463 2297 ὑπόθ.

162 2346 203 2409 id.
228 2346 267 2410 ll.
291 2345 352 2429 τὴν
374 2345 408 2410 δὲ
434 2346 613 2412 &rotunda
636 2339 654 2408 ὁ
678 2343 853 2428 θεόκριτος
877 2341 1106 2429 ἀπειροκάλως
1128 2341 1164 2408 ἐκ
1187 2350 1256 2407 τῶν
1283 2341 1466 2428 Σώφρονος

161 2455 336 2540 μετήνεγκε
357 2458 478 2540 μίμων)
510 2457 642 2539 petiisse
672 2455 750 2517 mihi
780 2455 916 2528 videtur,
949 2457 1040 2535 quod
1068 2475 1108 2516 ea
1133 2475 1200 2516 vox
1223 2448 1465 2536 ὁμοιόφθογγος

162 2577 213 2628 est
236 2586 267 2630 v.
295 2566 463 2644 Θεοσαλὶς,
489 2587 556 2648 quo
580 2567 711 2628 nomine
732 2564 943 2647 appellabant
965 2565 1114 2628 Thessali
1148 2573 1181 2625 et
1203 2562 1347 2626 Coenses
1376 2564 1465 2626 muli·

163 2696 234 2738 eres
258 2675 432 2742 veneficas.
442 2675 468 2758 ³)
511 2677 659 2742 Eandem
691 2677 739 2738 ob¹
766 2695 908 2749 causam,
942 2685 978 2738 ut
999 2675 1137 2737 Ahrens.
1170 2682 1257 2735 recte
1287 2675 1463 2748 adnotavit,

264 2959 291 3034 ΙΙ)
313 2960 351 3008 Cr.
372 2960 464 3009 Philol.
491 2959 559 3009 Gott.
583 2961 600 3009 l.
619 2961 635 3008 l.
673 2960 703 3007 ln
725 2958 834 3007 editione
853 2975 876 3006 a.
900 2956 974 3022 1855.
1002 2959 1092 3007 retinet
1112 2959 1169 3007 lect.
1192 2959 1378 3028 Kalvdrnvr'rp,
1399 2961 1468 3024 quod

164 3050 277 3106 Meinek.
297 3055 407 3118 accepit3
427 3053 532 3102 coniecit
550 3060 677 3117 praeterea
696 3052 864 3121 Kavlum‘rp,
890 3051 959 3115 quod
977 3051 1094 3100 Fritzsch.
1133 3052 1278 3116 Legebatur
1302 3062 1385 3102 autem
1405 3053 1466 3102 olim

163 3148 239 3196 etiam
264 3145 427 3214 Καλοδνίῳ,
446 3145 477 3194 cf.
498 3146 576 3195 schol.
596 3145 629 3194 ad
647 3145 672 3194 h.
686 3145 706 3194 l:
729 3141 872 3212 γράφουσι
894 3146 926 3195 de'
939 3161 1013 3200 τινες
1032 3142 1079 3194 καὶ
1097 3143 1258 3212 Καλοδνίῳ.

274 3272 294 3342 ²)
315 3275 388 3336 Quae
407 3283 495 3323 contra
518 3273 708 3338 disputaverunt
733 3273 791 3322 edd.
811 3274 873 3323 mihi
892 3289 944 3322 non
968 3280 1156 3338 persuaserunt:
1185 3288 1244 3321 narn
1262 3273 1331 3336 quod
1351 3273 1468 3322 Meineke

165 3364 214 3434 (ed.
235 3363 273 3415 Ill
293 3384 318 3431 p.
341 3365 398 3427 187.
419 3361 484 3430 seq.)
503 3381 587 3416 revera
601 3361 789 3416 Καλυδώνιον
810 3359 941 3434 πορθμόν
960 3365 1117 3429 appellatum
1135 3379 1190 3414 esse
1208 3373 1233 3414 et
1252 3365 1288 3432 (p.
1303 3361 1373 3431 470.)
1394 3365 1468 3429 pluri-

164 3476 233 3508 mum
246 3458 343 3508 Aetolis
362 3458 499 3522 ceterisque
515 3457 582 3521 Jonii
605 3460 679 3508 maris
698 3467 723 3508 et
740 3459 894 3508 Corinthiaci
912 3457 980 3505 sinus
997 3456 1089 3505 accolis
1107 3472 1165 3505 cum
1183 3456 1272 3506 Siculis
1292 3457 1468 3508 commercium

164 3552 240 3601 luisse
264 3551 351 3612 docet,
379 3550 416 3598 nil
441 3551 500 3600 facit
524 3560 610 3601 contra
635 3552 767 3604 lectionem
797 3547 969 3618 rt'alvdunp:
995 3564 1053 3596 nam
1082 3547 1224 3612 ubicunque
1249 3549 1361 3598 locorum
1380 3559 1468 3600 natura

164 3644 251 3693 similis
270 3652 321 3692 erat
341 3638 469 3712 πορθμός
488 3659 588 3708 quoque
607 3645 779 3693 inveniebatur
798 3641 836 3710 (ut
847 3643 911 3691 inter
926 3641 981 3692 Con
1000 3647 1026 3688 et
1038 3636 1190 3707 Calydnas);
1211 3641 1302 3690 deinde
1324 3639 1468 3712 πορθμεύς

164 3736 213 3785 hoc
231 3736 289 3786 loco
308 3737 412 3785 omnino
431 3744 468 3786 est
486 3743 571 3796 nauta,
590 3750 641 3783 non
661 3736 762 3800 portitor
776 3751 781 3795 ;
800 3743 854 3784 tum
867 3734 942 3782 etiam
955 3732 1133 3780 commercium
1146 3731 1210 3805 inter
1221 3731 1331 3782 Siciliam
1344 3743 1368 3784 et
1381 3737 1467 3786 Asiam

166 3829 287 3878 minorem
306 3829 451 3892 insulasque
469 3828 543 3876 maris
560 3827 657 3890 Aegaei
675 3842 705 3874 ex
724 3826 873 3891 Agathoclis
892 3825 1052 3889 temporibus,
1077 3831 1104 3871 ut
1122 3831 1186 3872 recte
1205 3833 1298 3874 monet.
1314 3826 1393 3876 Holm
1411 3830 1427 3878 l.
1438 3830 1466 3891 l.,

164 3935 291 3970 summurn
310 3921 455 3973 intercessit.
491 3919 641 3968 Fritzschius
668 3919 785 3984 praetulit
808 3917 925 3967 Ahrensii
951 3915 1119 3965 coniecturam
1141 3917 1313 3985 Καυλωνίῳ,
1341 3935 1417 3982 quam
1436 3937 1467 3970 ne

164 4013 206 4062 hic
226 4012 328 4080 quidem
346 4013 372 4061 in
391 4021 485 4061 textum
506 4011 614 4076 recipere
634 4027 708 4060 ausus
729 4018 772 4060 est.
811 4010 934 4060 Caulonia
953 4009 1011 4057 urbs
1030 4013 1094 4055 certe
1120 4009 1223 4074 propius
1246 4011 1331 4059 aberat
1350 4027 1365 4060 a
1384 4011 1468 4062 Sicilia

164 4121 240 4169 quarn
259 4103 310 4154 Cos
335 4105 375 4153 vel
405 4104 535 4167 Calydon,
561 4103 606 4154 sed
631 4120 682 4168 quo
704 4104 826 4153 remotior
851 4101 935 4168 poculi
957 4099 1042 4167 patria
1061 4114 1092 4147 eo
1110 4101 1191 4150 maius
1209 4103 1262 4150 eius
1280 4103 1388 4168 pretium
1406 4115 1465 4155 erat.

164 4197 253 4261 ltaque
273 4213 331 4245 curn
355 4204 459 4260 utraque
484 4196 558 4246 lectio
583 4195 759 4263 Kalvrlwvt‘rp
780 4204 805 4244 et
825 4195 977 4262 Krttvdrr'rp
998 4209 1046 4258 par
1062 4193 1144 4242 valeat
1162 4202 1186 4242 et
1205 4193 1354 4257 Theocritus
1373 4195 1428 4246 Con
1447 4206 1471 4246 et

167 4290 282 4353 regiones
300 4288 395 4337 vicinas
414 4288 448 4337 ita
470 4288 613 4352 significare
632 4296 700 4343 amet
718 4288 831 4352 praefero
852 4287 1013 4356 Kuludm‘rp.

239 4449 243 4458 ·
272 4413 294 4484 3)
315 4416 427 4466 Philetae
447 4417 510 4478 Coi,
539 4417 750 4466 Hermesianactis
775 4416 926 4482 Colophonii
956 4425 1031 4482 atque
1054 4417 1187 4466 Phanoclis
1212 4418 1253 4467 rel.
1278 4418 1342 4484 disp.
1363 4433 1410 4467 ern.
1431 4420 1466 4468 ill.

163 4510 198 4559 N.
218 4509 297 4560 Bach.
319 4509 379 4558 Hal.
400 4508 457 4558 Sax.
483 4509 549 4573 1839
580 4527 607 4575 p.
630 4519 670 4572 74.
694 4521 733 4560 12.
762 4537 798 4547 —
825 4510 895 4560 Suid.
916 4528 935 4563 s.
955 4530 979 4561 v.
1003 4506 1125 4572 Garrah}
1146 4507 1223 4577 γονή.
1260 4509 1361 4558 Nomen
1381 4525 1412 4558 eo
1431 4528 1471 4560 ex-

162 4602 310 4668 plicandum
328 4602 440 4665 videtur,
468 4603 535 4667 quod
555 4602 761 4664 Thessalus,
788 4601 905 4652 Herculis
923 4611 948 4652 et
966 4603 1120 4668 Chalciopae
1139 4603 1242 4654 Coensis
1261 4602 1342 4666 filius,
1361 4619 1469 4668 proavus

163 4703 215 4744 erat
233 4694 443 4759 Asclepiadarum
463 4695 515 4744 sive
534 4696 667 4744 hominum
686 4709 833 4744 arcanorum
851 4695 995 4758 peritorum.
