3500 5498
861 499 903 569 86

293 734 368 786 102:
393 732 480 795 τοῖος
502 715 586 803 ἀνὴρ
609 719 803 783 τιλατέεσσιν
826 718 987 803 ἐνίδρυται
1011 719 1146 786 τιεδίοισι

393 827 602 913 ξανθοκόμας
624 831 824 912 Πτολεμαῖος
846 826 1060 911 ἐπιστάμενος
1083 827 1163 912 δόρυ
1186 828 1336 906 πάλλειν,

291 1002 296 1020 ,
395 928 605 1022 ᾦέτάτιαγχο
626 938 711 1022 μέλει
734 937 883 1021 πατρώια
906 938 1017 1003 πάντα
1040 937 1220 1018 φυλάσσειν

395 1043 426 1113 ol
449 1045 458 1069 '
481 1046 603 1133 ἀγαθῷ
625 1054 765 1132 βασιλῆι,
789 1047 831 1114 τά
855 1049 887 1113 de
908 1050 1108 1132 κτεατὶζεται
1132 1046 1240 1124 αὐτός.

341 1159 494 1242 Sequitur
527 1169 595 1221 tum
632 1161 663 1222 in
687 1158 852 1222 Theocriti
876 1160 1017 1221 carmine
1041 1159 1156 1222 festiva
1179 1159 1326 1240 Aegypti
1361 1170 1393 1221 et
1415 1160 1533 1220 domus

236 1270 350 1350 regalis
379 1268 534 1332 felicitatis
566 1270 749 1352 descriptio
781 1247 872 1350 quae·
887 1270 1015 1351 respicit
1047 1268 1233 1332 Callimachi
1262 1290 1323 1331 vss.
1349 1286 1401 1348 91.
1428 1289 1530 1348 seqq:

234 1391 325 1464 χαῖρε
353 1378 441 1463 μέγα,
474 1379 617 1464 Κρονίδη
645 1379 894 1463 πανυπέρτατε,
926 1379 1030 1463 δῶτορ
1060 1376 1161 1458 ἐάων,
1184 1376 1192 1467 l
1216 1379 1320 1463 δῶτορ
1349 1375 1532 1464 άπημονίης

235 1489 341 1570 (scilic.
366 1491 418 1570 qui
442 1489 553 1552 hostes
569 1490 696 1573 sugas),
721 1486 779 1554 τεά
803 1485 830 1553 d’
853 1487 995 1574 ἔργματα
1019 1489 1069 1564 τίς
1083 1511 1143 1552 κεν
1159 1486 1276 1565 άάάοι;
1302 1493 1372 1554 κτλ.
1420 1489 1536 1552 Restat

236 1598 378 1662 clausula
400 1609 465 1661 tres
488 1601 658 1662 continens
679 1621 790 1662 versus
813 1602 843 1663 in
867 1601 1033 1681 utriusque
1056 1601 1208 1672 carmine,
1234 1600 1275 1662 de
1300 1619 1363 1678 qua
1387 1599 1449 1680 egi.

341 1709 391 1771 Ea
413 1718 462 1771 est
485 1710 659 1773 similitudo
683 1712 857 1774 amborum
881 1711 1068 1781 carminum,
1093 1729 1190 1788 quam
1225 1729 1331 1782 nemo,
1357 1709 1410 1788 qui
1436 1729 1531 1770 accu-

237 1819 336 1882 ratius
359 1839 398 1882 ea
419 1820 600 1902 perlegerit,
626 1820 768 1900 negabit.
818 1819 892 1882 Hoc
914 1839 1054 1902 quoque,
1086 1819 1174 1901 quod
1206 1839 1301 1900 supra
1331 1819 1435 1898 digito
1466 1820 1533 1880 iam

236 1927 424 2010 significavi,
451 1931 539 2010 qnod
562 1931 755 1993 Theocritus
779 1931 911 2011 hymno,
943 1930 997 2012 qui
1032 1929 1175 1994 rationes
1205 1937 1348 1991 vetustas
1378 1929 1534 2008 sequitur,

238 2058 348 2119 regem
372 2039 553 2113 celebravit,
590 2041 641 2103 vel
670 2041 811 2103 maxime
849 2052 898 2103 est
930 2039 1122 2122 urgendum.
1184 2039 1270 2101 Nam
1303 2048 1379 2100 ante
1414 2058 1535 2100 aevum

237 2148 495 2212 Alexandrinum
511 2171 607 2214 nemo
623 2160 722 2233 poeta
738 2151 907 2214 mortalem
924 2169 1035 2230 regem
1058 2170 1098 2211 eo
1121 2148 1247 2210 honore
1272 2149 1381 2210 divino
1405 2147 1534 2211 affecit:

238 2278 312 2320 eum
337 2259 410 2320 dico
434 2259 602 2335 honorem,
627 2263 715 2343 quod
739 2262 807 2323 eius
830 2261 956 2342 generis
985 2259 1127 2323 carmine
1159 2267 1257 2340 poeta
1288 2256 1537 2340 Philadelphum

237 2369 422 2444 celebravit,
439 2371 528 2454 quod
544 2372 639 2454 plane
656 2372 716 2433 diis
733 2379 932 2433 reservatum
947 2378 996 2431 est
1012 2361 1127 2452 (ὕμνοι)
1140 2369 1181 2451 1);
1207 2367 1381 2430 scholiasta
1396 2369 1532 2450 quidem

238 2480 413 2562 appellavit
436 2502 565 2545 carmen
592 2479 774 2566 »ἐγκώμιον
796 2480 841 2554 εἰς
857 2483 1077 2564 Πτολεμαῖον(
1111 2479 1193 2551 ide0,
1220 2480 1307 2559 quod
1330 2478 1456 2540 mortali
1479 2477 1537 2539 ho-

238 2589 316 2651 mini
339 2589 524 2654 dedicatum
547 2601 612 2659 est:
638 2603 672 2655 at
695 2611 804 2654 revera
829 2601 877 2653 est
903 2584 1013 2672 ὕμνος,
1044 2589 1082 2651 cf.
1107 2610 1152 2654 vs.
1180 2605 1207 2669 7.
1241 2608 1316 2669 seq:
1343 2584 1448 2672 acircio
1471 2586 1538 2671 ἐγὼ

240 2697 443 2778 Πτολεμαῖον
464 2695 677 2784 ἐπιστάμενος
700 2698 786 2764 καλά
808 2700 910 2764 εἰπεῖν
933 2697 940 2787 ll
964 2695 1143 2784 lrpvriuarp'·
1168 2693 1262 2781 ὕμνοι
1285 2697 1388 2763 δὲκαὶ
1410 2695 1538 2762 ἀθανά-

238 2828 308 2870 των
331 2806 426 2891 γέρας
448 2804 568 2875 αὐτῶν.
615 2812 784 2874 Praeterea
807 2809 947 2895 ἐγκώμια
971 2809 1113 2873 facinora
1130 2811 1264 2889 grandia
1284 2829 1433 2892 quaeque
1450 2810 1540 2872 nulla

238 2916 401 2979 oblivione
434 2919 612 2983 obruantur
640 2940 770 3003 semper
803 2922 974 2984 celebrant.
1028 2921 1184 2983 Nostrum
1214 2940 1292 2982 vero
1323 2939 1452 2982 carmen
1484 2929 1538 2982 est

239 3025 382 3089 laudatio
406 3031 594 3104 communis
620 3052 686 3094 non
710 3032 771 3094 sibi
794 3033 935 3110 sumpsit
966 3039 1067 3113 poeta
1089 3031 1220 3112 aliquod
1251 3029 1374 3092 facinus
1397 3030 1539 3112 splendi-

240 3135 333 3198 dum:
357 3137 469 3221 itaque
493 3141 588 3222 plane
611 3135 806 3221 hymnorum
831 3142 937 3204 indole
962 3142 1067 3202 utitur.

344 3247 508 3312 Theocriti
537 3272 665 3315 carmen
689 3253 788 3315 XVll.
813 3261 889 3336 post
912 3251 1098 3315 Callimachi
1121 3250 1279 3330 hymnum
1310 3251 1535 3333 conscriptum

239 3377 319 3431 esse,
346 3367 380 3420 ut
403 3360 492 3442 quod
517 3361 598 3422 insra
622 3362 750 3424 uberius
774 3365 833 3425 erit
861 3363 1065 3425 tractandum
1095 3362 1158 3424 hoc
1189 3361 1261 3423 loco
1295 3361 1359 3432 iam
1390 3361 1534 3436 afferam,

238 3468 303 3529 iarn
360 3469 474 3544 docet,
525 3473 613 3552 quod
662 3471 891 3535 Callimachum
942 3472 1099 3554 hymnum
1147 3481 1222 3533 ante
1272 3472 1402 3553 nuptias
1447 3472 1537 3551 regis

237 3597 311 3639 cum
335 3577 475 3642 Arsinoa
497 3601 607 3642 sorore
629 3602 783 3662 germana
804 3584 1026 3666 composuisse
1050 3582 1197 3644 concludi
1221 3591 1331 3663 potest
1361 3601 1402 3643 ex
1426 3602 1464 3643 ea
1488 3603 1533 3655 re,

238 3689 327 3769 quod
350 3690 535 3771 nuptiarum
560 3695 756 3756 mentionem
780 3715 845 3756 non
869 3694 952 3768 fecit,
977 3693 1066 3774 quod
1088 3692 1219 3773 quidem
1242 3691 1291 3753 ille
1317 3701 1415 3773 poeta
1437 3693 1535 3753 servi-

238 3797 274 3860 lis
300 3807 332 3861 et
354 3820 430 3862 vere
444 3783 570 3863 ¹aulicus
594 3804 680 3866 nullo
705 3806 804 3867 modo
830 3793 1130 3869 omisisset:'immo
1152 3811 1186 3863 et
1208 3803 1278 3884 ipse
1307 3802 1400 3864 sicuti
1425 3802 1534 3864 Theo·

238 3907 335 3971 critus
358 3906 446 3993 ἱερὸν
461 3909 565 3994 γάμον
586 3911 689 3975 fratris
713 3922 745 3976 et
766 3914 886 3976 sororis
902 3914 1103 3976 celebrasset.
1150 3911 1246 3976 Unde
1269 3916 1412 3994 sequitur
1427 3911 1535 3974 Theo-

239 4018 354 4081 critum
377 4040 448 4082 esse
470 4021 655 4086 Callimachi
678 4024 883 4089 imitatorem.

346 4127 530 4194 Callimachi
553 4133 650 4214 igitur
673 4135 814 4215 hymnus
837 4135 868 4196 in
896 4134 1016 4206 lovem,
1050 4153 1115 4214 quo
1144 4132 1350 4194 Ptolemaeus
1379 4132 1536 4196 Philadel-

238 4238 322 4337 phps
345 4248 377 4302 et
400 4261 473 4302 cum
498 4242 562 4304 deo
585 4263 714 4305 summo
742 4252 949 4325 comparatur
981 4251 1014 4306 et
1037 4260 1136 4324 quarn
1167 4243 1311 4304 maxime
1340 4242 1534 4317 celebratur,

239 4346 449 4413 Theocritum
473 4355 659 4424 commovit,
686 4364 720 4417 ut
744 4354 870 4435 etipse
894 4353 1035 4414 carmine
1049 4353 1211 4414 simillimo
1228 4353 1312 4434 regis
1336 4352 1446 4414 laudes
1463 4373 1533 4436 per·

349 4615 366 4688 ¹)
405 4621 470 4672 Plat.
499 4621 566 4686 legg.
586 4623 633 4673 111.
654 4632 712 4684 700.
732 4625 760 4674 b.
779 4627 830 4673 καί
848 4641 874 4672 τι
893 4615 925 4684 ἦν
945 4617 1022 4677 ιλάος
1042 4617 1116 4690 ρι’άῆς
1141 4617 1224 4689 εὐχαὶ
1252 4615 1321 4690 node
1339 4615 1422 4678 θεοὺς
1442 4621 1537 4692 ὄνομα

239 4709 269 4761 δὲ
293 4705 377 4782 ὕμνος
396 4711 590 4766 ἐπεκαλοῦντο.
619 4717 694 4782 Resp.
714 4717 745 4765 X.
760 4716 810 4778 607
833 4732 862 4768 n:
887 4711 988 4784 ὕμνους
1006 4717 1083 4772 θεοῖς
1104 4715 1150 4765 καὶ
1172 4711 1301 4785 ἐγκώμια
1322 4718 1381 4773 τοῖς
1400 4711 1536 4784 ιῖγιιιλοῖς.
