3500 5498
895 449 939 524 48
988 499 1022 548 .-

268 655 356 742 ὥοας
377 659 421 736 εἰς
445 668 564 724 τοῦτον
588 658 789 742 συναγούσης
820 658 881 722 τὸν
905 659 1030 744 καιρόν.
1055 658 1097 724 τὰ
1121 659 1153 722 δὲ
1176 656 1262 724 κατὰ
1284 658 1379 741 μέρος
1402 655 1515 722 αὐτῶν
1538 655 1568 720 εἲ

269 793 319 844 τις
341 769 456 834 εἰδέναι
477 769 638 848 βούλεται,
662 766 723 842 τὰς
747 775 814 832 τῶν
837 770 1079 854 πεντετηρίδων
1094 765 1223 853 γραφὰς
1246 768 1423 852 λαμβάνων
1438 765 1565 831 ἐπισκο-

267 880 379 945 πείτω.
412 881 472 964 τῆς
502 877 536 943 δὲ
570 878 784 963 Διονυσιακῆς
821 883 954 964 πομπῆς
991 887 1116 963 πρῶτον
1145 880 1203 962 μὲν
1226 875 1392 963 προῄεσαν
1413 881 1496 951 acl„
1522 899 1566 940 ex

269 990 387 1071 quibus
411 989 516 1052 elucet
539 1008 697 1070 pompam
727 988 919 1051 Bacchicam
949 990 1140 1072 particulam
1171 988 1269 1051 luisse
1300 990 1408 1054 totius.
1463 988 1564 1068 Quod

272 1099 369 1178 igitur
403 1119 558 1182 pompam
584 1119 738 1161 vocamus
765 1098 954 1162 Bacchicam
978 1120 1018 1162 eo
1041 1100 1269 1162 tantummodo
1293 1099 1422 1161 delendi
1446 1107 1566 1180 potest,

271 1209 360 1292 quod
384 1210 452 1270 eius
476 1209 574 1272 solius
598 1210 772 1288 descriptio
797 1219 925 1284 servata
949 1211 1043 1272 nobis
1066 1220 1124 1272 est.

379 1319 464 1382 Acta
495 1329 544 1382 est
574 1319 655 1382 haec
679 1339 802 1400 pompa
824 1341 866 1380 ex
889 1320 1068 1382 Drumanni
1097 1321 1265 1393 sententia,
1293 1340 1390 1399 quam
1414 1320 1566 1401 probavit

271 1428 375 1491 Ruehl
390 1431 424 1510 ¹),
450 1430 539 1491 brevi
562 1438 636 1511 post
659 1450 686 1490 a.
712 1443 785 1508 277.
811 1449 838 1490 a.
865 1428 937 1491 Chr.
965 1451 994 1494 n.
1026 1431 1134 1511 itaque
1163 1439 1250 1492 recte
1273 1429 1466 1493 concludere
1489 1429 1566 1490 mihi

271 1539 392 1611 videor,
418 1559 490 1601 cum
511 1540 614 1620 etiam
639 1539 736 1618 idyllii
767 1537 906 1600 elocutio
938 1541 1094 1602 denotare
1118 1541 1265 1602 videatur
1287 1549 1420 1622 poetam
1444 1521 1566 1600 adoles-

272 1657 398 1711 centem
423 1660 456 1710 et
479 1649 658 1712 discentem
672 1651 706 1728 ιᾸ),
732 1649 852 1730 ipsum'
874 1649 915 1714 id.
939 1649 1055 1712 XXVI.
1091 1651 1180 1712 brevi
1216 1661 1292 1734 post
1327 1650 1416 1712 illum
1447 1669 1567 1710 annum

272 1759 427 1840 scriptum
470 1780 547 1822 esse.
590 1761 701 1820 Porro
737 1758 811 1820 inde
844 1758 932 1820 haud
965 1760 1118 1822 audacius
1152 1761 1344 1822 concludere
1381 1779 1562 1843 possumus,

272 1867 482 1931 Theocritum
514 1869 616 1930 insula
638 1869 686 1931 Co
710 1869 829 1941 relicta,
863 1871 949 1932 urbis
978 1870 1151 1952 splendore
1183 1881 1215 1932 et
1238 1871 1340 1952 gloria
1363 1881 1565 1932 commotum

273 1978 514 2040 Alexandream
550 2000 585 2040 se
616 1980 765 2042 iuvenem
792 1981 965 2043 contulisse
992 1981 1101 2062 ibique
1132 1979 1252 2043 diutius
1282 1979 1461 2068 habitasse.¹
1516 1977 1565 2042 Cr.

274 2090 373 2151 etiam
397 2089 476 2151 infra
501 2090 541 2150 de
566 2090 607 2155 id.
632 2090 700 2155 Vll.

382 2200 453 2260 Vss,
480 2215 531 2278 30.
562 2220 651 2280 seqq.
684 2220 794 2280 regem
824 2199 1067 2282 Philadelphum
1095 2201 1211 2262 Bacchi
1245 2201 1382 2263 numinis
1412 2200 1568 2262 cultorem

274 2311 569 2388 trequentissimum
591 2309 720 2371 laudare
743 2310 908 2376 videntur:
934 2311 1040 2372 verbis
1057 2311 1142 2372 enim
1166 2307 1325 2390 εὐσεβέων
1346 2307 1389 2375 τὰ
1412 2307 1492 2372 inira
1515 2309 1568 2370 de-

274 2421 418 2500 signatur
441 2419 621 2480 Ptolemaei
638 2419 675 2484 ll.
701 2421 867 2499 potentiae
892 2421 1135 2492 incrementum,
1160 2423 1248 2502 quod
1270 2422 1368 2501 igitur
1390 2419 1570 2503 praemium

276 2530 404 2613 pietatis
434 2550 512 2610 ergo
536 2531 616 2592 deos
633 2549 703 2592 esse
721 2529 787 2592 vult
803 2540 911 2612 poeta.
961 2530 1151 2592 instauravit
1166 2541 1276 2593 autem
1292 2551 1349 2592 rex
1365 2529 1570 2592 Ptolemaeus

276 2639 502 2722 Philadelphus
525 2658 597 2702 eam
622 2641 664 2702 ob
688 2660 818 2702 causam
843 2642 978 2703 deorum
1003 2640 1088 2702 illam
1121 2662 1277 2723 pompam
1300 2650 1366 2703 tam
1392 2638 1568 2722 splendide,

279 2757 313 2811 ut
346 2760 494 2832 parentes
525 2751 557 2812 in
587 2751 722 2812 deorum
754 2771 888 2812 numero
924 2749 1100 2813 collocatos
1129 2772 1199 2813 esse
1230 2761 1342 2836 aperte
1374 2751 1568 2830 designaret.

275 2861 387 2944 ltaque
409 2881 522 2922 omnes
545 2862 624 2923 deos
649 2862 848 2942 prodeuntes
871 2861 953 2934 lecit,
980 2871 1015 2922 ut
1039 2861 1129 2940 quasi
1154 2861 1276 2945 populo
1300 2862 1570 2924 demonstrarent.

276 2971 453 3040 eorundem
483 2970 645 3033 honorum
673 2972 843 3053 participes
873 2992 944 3032 esse
977 2973 1062 3052 regis
1095 2981 1253 3054 parentes.
1309 2971 1427 3033 Bacchi
1451 2972 1571 3032 'autem

276 3091 432 3162 pompam
457 3079 553 3142 luisse
577 3081 807 3144 nobilissimam
837 3081 929 3143 facile
961 3081 1137 3144 conieceris
1161 3104 1202 3144 ex
1227 3103 1265 3144 ea
1289 3103 1331 3155 re,
1358 3082 1446 3162 quod
1469 3080 1571 3142 Athe·

278 3211 375 3252 naeus
407 3211 479 3252 eam
513 3191 614 3252 solam
649 3192 812 3273 copiosius
843 3194 1019 3274 descripsit.
1069 3191 1255 3254 Commovit
1288 3212 1409 3272 regem,
1441 3201 1476 3252 ut
1498 3210 1572 3251 eam

276 3311 344 3364 tam
376 3301 543 3380 splendide
576 3312 756 3376 exornaret,
789 3303 877 3386 quod
902 3303 1058 3386 Aegyptii
1090 3302 1251 3365 Bacchum
1276 3312 1410 3384 propter
1433 3300 1571 3362 fatorum

277 3410 515 3472 similitudinem
541 3413 679 3474 eundem
704 3433 775 3474 esse
798 3422 895 3494 atque
918 3395 1037 3476 Osirim
1053 3417 1074 3497 3)
1098 3412 1245 3476 lubenter
1267 3413 1460 3484 credebant,
1485 3431 1571 3474 com·

277 3522 380 3583 movit
414 3522 521 3594 etiam,
558 3523 647 3601 quod
681 3543 755 3586 cum
788 3524 961 3606 Aegyptiis
990 3507 1096 3585 Osiris
1128 3524 1311 3585 carissimus
1345 3532 1415 3584 tum
1439 3521 1571 3583 Graecis

388 3736 404 3805 ¹)
426 3737 465 3786 Cl.
480 3738 624 3788 Drumann:
644 3739 846 3804 Histoe-antiqu.
863 3739 1086 3803 Untersuchungen
1106 3740 1167 3786 iiber
1179 3739 1311 3803 Aegypten
1331 3739 1391 3787 oder
1403 3738 1443 3787 die
1456 3736 1574 3785 Inschrilt

277 3846 326 3879 von
345 3831 454 3897 Roselre.
475 3831 598 3894 Ktlnigsb.
624 3831 697 3894 1823.
714 3817 740 3898 p.
766 3844 803 3896 15.
823 3861 859 3868 -
885 3832 967 3880 Riihl:
997 3833 1048 3879 Der
1067 3831 1155 3880 Schatz
1181 3831 1224 3880 des
1245 3831 1349 3881 Ptolem.
1372 3831 1405 3880 Il.
1425 3830 1525 3882 Philad.
1546 3831 1572 3878 in

278 3923 430 3971 Fleckeisen.
451 3923 534 3972 annal.
567 3922 640 3986 1879.
669 3943 695 3991 p.
723 3927 782 3987 627.
810 3941 834 3974 n.
859 3924 897 3972 18.
925 3953 953 3962 -
979 3923 1018 3972 Cf.
1038 3925 1113 3972 eliam
1133 3921 1158 3971 S.
1179 3924 1289 3994 Sharpe:
1319 3925 1411 3976 Gesch.
1437 3926 1499 3988 Aeg.
1520 3940 1570 3972 von

278 4016 321 4063 der
340 4014 375 4063 alt
401 4015 455 4064 Zeit
473 4016 511 4064 bis
530 4032 571 4064 zur
584 4017 732 4083 Eroherung
751 4020 827 4068 durch
848 4020 887 4067 die
907 4015 1009 4066 Arnber.
1043 4017 1153 4066 Deutsch
1173 4018 1311 4066 bearbeitet
1329 4034 1378 4066 von
1397 4017 1430 4064 H.
1442 4017 1569 4080 Jolowicz.

278 4108 365 4156 Revid.
389 4109 441 4156 und
460 4110 563 4158 bericht.
583 4127 631 4159 von
651 4112 682 4159 A.
698 4128 720 4162 v.
739 4111 896 4160 Gutschmid.
921 4124 943 4159 2.
964 4111 1044 4174 Ausg.
1069 4109 1142 4158 1862.
1162 4111 1211 4159 vol.
1231 4111 1252 4160 1.
1273 4128 1298 4176 p.
1323 4108 1378 4158 188.
1412 4109 1505 4174 Kamp.
1525 4109 1572 4158 ll

279 4217 302 4266 p.
324 4201 363 4250 6.:
393 4221 471 4257 »,,,,
496 4203 673 4266 conligendum
700 4219 754 4253 esse
780 4219 885 4264 censeo,
913 4211 1027 4268 parentes
1054 4203 1103 4252 iarn
1129 4219 1183 4252 esse
1206 4211 1341 4254 mortuos«.
1379 4201 1426 4250 Ed.
1446 4201 1573 4251 Lr'ibbert:

279 4291 429 4340 Alexandria
449 4303 519 4341 unter
539 4294 695 4344 Ptolemaeus
715 4296 895 4362 Philadelphus
914 4293 966 4345 und
985 4297 1128 4361 Euergetes.
1151 4296 1210 4345 Kiel
1234 4294 1300 4345 1880
1321 4313 1344 4360 p.
1366 4306 1388 4357 7.

387 4381 406 4451 ²)
428 4384 467 4434 De
485 4402 520 4434 vs.
542 4398 573 4448 27
594 4403 662 4451 seqq.
683 4389 758 4452 plane
778 4389 898 4438 assentior
918 4389 1052 4438 Melnelrio.

388 4473 407 4544 ³)
429 4477 465 4526 Cs.
487 4479 626 4530 Drumann.
647 4481 661 4530 l.
682 4481 699 4530 l.
721 4498 746 4546 p.
769 4494 818 4542 144
864 4481 976 4546 Serapim
1003 4482 1111 4530 eundem
1137 4498 1190 4531 esse
1216 4490 1290 4544 alque
1309 4479 1540 4542 Jovem·Plutonem
1560 4497 1575 4528 a

280 4568 461 4634 Sinopensibus
491 4572 598 4620 maxime
625 4573 719 4622 cultum
748 4574 903 4633 credebant;
932 4575 963 4624 cf.
993 4575 1040 4624 Ed.
1071 4574 1190 4630 Llibbert,
1219 4574 1235 4622 l.
1255 4573 1272 4621 l.
1291 4589 1316 4636 p.
1339 4582 1352 4634 5
1373 4587 1424 4635 seq.
1453 4571 1576 4636 Droyseu.

280 4660 296 4708 l.
316 4661 380 4711 infra
399 4661 416 4710 l.
437 4679 462 4727 p.
482 4675 523 4726 47.
1463 4663 1466 4674 '
