3500 5498
927 493 965 570 78
1066 469 1069 476 ’

303 703 401 768 habet
433 705 672 786 Pamphyliam,
697 704 860 779 Ciliciam,
885 705 1055 776 Arabiam,
1084 703 1291 786 Aethiopiam
1316 705 1469 784 (excepta
1492 699 1600 776 insula

306 815 436 900 Cypro),
461 816 685 879 Ptolemaeum
709 815 950 896 Philadelphum
974 814 1034 878 sub
1058 813 1155 877 finem
1179 813 1302 895 imperii
1334 813 1430 880 hasce
1463 810 1600 892 quidem

302 926 484 1006 provincias
507 926 650 988 amisisse
676 926 788 988 elucet.
1456 903 1457 908 ἵ

406 1035 538 1099 Orditur
561 1047 669 1098 autem
693 1036 886 1098 Theocritus
909 1035 950 1110 id.
974 1035 1074 1099 XVII.
1102 1035 1152 1100 86.
1176 1034 1239 1096 hoc
1263 1034 1380 1096 modo:

460 1144 600 1230 καὶμὴν
628 1147 782 1220 Φοινίκας
805 1143 1019 1229 ἀποτέμνεται
1033 1141 1198 1229 Ᾰρραβίας
1221 1167 1256 1208 τε

458 1257 512 1320 καὶ
535 1257 659 1338 Συρίας
681 1257 803 1334 Λιβύας
825 1279 860 1320 τε
882 1261 1042 1320 κελαινῶι·
1065 1252 1094 1321 τ’
1117 1253 1380 1338 Αἰθιοπήων...

300 1366 319 1432 i.
345 1387 371 1427 e.
407 1365 601 1438 Phoenicae,
637 1366 787 1440 Arabiae,
825 1366 945 1448 Syriae,
981 1367 1115 1446 Libyae,
1151 1365 1350 1448 Aethiopiae
1383 1374 1492 1444 partes
1527 1364 1600 1424 eius

301 1475 436 1557 imperio
459 1477 623 1538 subiectae
647 1486 738 1542 sunt:
763 1477 815 1539 hic
838 1477 924 1539 enim
947 1487 995 1539 est
1017 1497 1130 1540 sensus
1154 1477 1245 1538 verbi
1268 1473 1491 1558 ἀποτέμνεται.

405 1610 445 1690 a.)
471 1609 579 1690 Atque
596 1607 813 1670 Phoenice
837 1608 968 1689 quidem
986 1618 1017 1669 et
1042 1606 1181 1688 Syria,
1206 1609 1225 1672 i.
1244 1629 1270 1672 e.
1287 1608 1483 1688 Coelesyria,
1508 1627 1597 1690 quae

298 1705 441 1794 vocatur,
471 1718 545 1780 inde
575 1719 616 1780 ab
641 1738 726 1779 anno
760 1721 831 1781 280.
857 1739 885 1782 a.
910 1716 982 1779 Chr.
1008 1739 1037 1782 n.
1074 1717 1126 1800 (cf.
1159 1717 1319 1798 Droysen.
1345 1718 1362 1780 l.
1390 1718 1407 1778 l.
1435 1737 1466 1796 p.
1504 1717 1598 1798 256.)

301 1828 476 1890 Ptolemaei
500 1827 703 1910 Philadelphi
726 1847 828 1908 regno
853 1829 1033 1908 assignatae
1058 1837 1156 1893 erant.
1204 1829 1254 1890 Eo
1279 1829 1365 1889 enim
1388 1849 1473 1890 anno
1489 1827 1597 1890 Phila·

301 1938 437 2020 delphus
467 1960 523 2001 rex
547 1938 711 2002 Antiocho
735 1939 757 2000 Ι.
783 1937 888 2000 Soteri
913 1918 1018 1999 modo¹
1045 1958 1181 2030 regnum
1210 1947 1360 2002 assecuto
1394 1937 1595 2019 (281—261.

292 2025 326 2109 a.
354 2047 427 2110 Chr.
453 2050 507 2130 n),
531 2069 604 2112 eum
629 2048 857 2110 rebellionibus
881 2049 983 2110 omnis
1008 2049 1136 2128 generis
1159 2047 1300 2110 maxime
1323 2057 1502 2120 vexaretur,
1521 2068 1597 2129 pro-

300 2159 420 2220 vincias
442 2158 509 2220 illas
534 2160 663 2225 ademit.
711 2158 805 2219 Pater
828 2159 913 2218 enirn
937 2157 1142 2220 Ptolemaeus
1168 2159 1187 2219 l.
1215 2159 1310 2221 Soter
1333 2167 1429 2220 antea
1452 2178 1490 2220 ea
1519 2178 1620 2226 con,

301 2269 423 2330 ditione
440 2267 609 2332 Seleucum
626 2269 793 2330 adiuverat
808 2277 919 2330 contra
935 2267 1151 2348 Antigonum,
1176 2278 1210 2330 ut
1233 2270 1292 2330 sibi
1310 2267 1380 2330 illae
1397 2267 1595 2348 provinciae,

301 2398 383 2459 quae
417 2389 485 2441 turn
520 2389 611 2440 erant
646 2378 813 2458 Antigoni,
833 2397 928 2458 -pace
963 2377 1048 2440 iacta
1081 2378 1311 2439 tribuerentur:
1345 2385 1459 2458 postea
1482 2383 1596 2436 autem

302 2486 455 2550 Seleucus
479 2490 526 2550 sui
550 2489 649 2571 ipsius
680 2507 779 2568 regno
811 2489 1040 2566 assignaverat.
1088 2487 1138 2548 Eo
1163 2486 1260 2563 igitur
1291 2485 1366 2546 iuris
1398 2483 1492 2546 titulo
1517 2505 1596 2546 usus

299 2597 502 2660 Ptolemaeus
525 2597 752 2680 Philadelphus
777 2608 917 2659 tumeas
940 2598 1121 2679 provincias
1145 2598 1236 2659 adse
1261 2595 1444 2657 vindicavit.
1493 2593 1596 2674 Quod

301 2716 335 2768 ut
360 2707 479 2770 laceret
501 2729 541 2771 eo
565 2709 709 2791 inprimis
733 2719 782 2770 est
805 2716 997 2780 commotus
1024 2717 1057 2768 ut
1081 2718 1167 2769 recte
1191 2715 1302 2768 monet
1326 2705 1395 2784 ipse
1419 2704 1594 2784 Droysen.,

300 2819 388 2898 quod
411 2839 520 2880 earum
546 2820 715 2897 regionum
742 2819 865 2880 incolae
889 2817 1086 2900 Philadelphi
1111 2816 1321 2878 dominationi
1347 2815 1429 2876 ultro
1454 2816 1595 2877 subiecti

299 2949 368 2990 esse
392 2929 555 2994 volebant.
580 2929 610 3009 (l.
634 2929 653 2990 l.
682 2951 712 3011 p.
736 2931 788 2994 61.
814 2929 892 3008 69).
939 2928 1007 2989 Eae
1039 2928 1169 3009 quidem
1200 2927 1386 3009 provinciae
1420 2945 1522 3005 usque
1552 2928 1598 2988 ad

299 3040 475 3101 secundum
500 3039 619 3102 bellum
645 3039 763 3120 Syrum
787 3049 819 3100 et
843 3039 978 3118 longius,
1004 3039 1093 3118 quod
1117 3038 1227 3100 statuit
1242 3039 1412 3124 Droysen.,
1438 3036 1596 3100 Philadel-

299 3149 354 3230 phi
390 3159 488 3222 erant,
531 3161 667 3232 excepta
703 3151 781 3212 urbe
814 3149 944 3219 Arado,
981 3159 1135 3230 quantum
1172 3149 1374 3210 nosvidere
1407 3167 1595 3229 possumus.

298 3258 376 3321 Eius
399 3260 484 3321 enirn
510 3259 595 3320 urbis
619 3260 742 3321 incolae
766 3261 808 3322 ab
825 3280 908 3321 anno
934 3260 1011 3337 muys·
1029 3280 1056 3320 a.
1075 3258 1146 3321 Chr.
1168 3280 1205 3332 n,
1232 3279 1270 3320 ea
1294 3259 1362 3320 sine
1380 3257 1479 3319 dubio
1504 3278 1594 3320 com·

299 3370 378 3431 moti
404 3391 445 3442 re,
472 3371 559 3451 quod
583 3381 650 3433 tum
674 3369 856 3432 Antiochus
879 3371 927 3441 ll.,
952 3371 1006 3449 qui
1038 3380 1172 3431 vocatur
1195 3367 1314 3431 Theos
1340 3369 1535 3452 (261—246.
1563 3391 1596 3435 a.

299 3477 372 3540 Chr.
397 3483 452 3559 n),
479 3481 591 3542 urbem
606 3480 739 3542 liberam
763 3480 936 3542 declaravit
960 3479 1128 3560 (Droysen.
1152 3481 1171 3546 l.
1188 3481 1206 3542 l.
1226 3501 1256 3560 p.
1278 3495 1340 3557 320
1355 3481 1445 3562 seq),
1471 3499 1598 3542 novam

299 3608 456 3651 annorum
500 3591 771 3651 humerandorum
807 3590 965 3651 rationem
1000 3601 1185 3672 coeperunt.
1240 3592 1353 3671 Itaque
1386 3589 1597 3665 Theocritus

299 3718 423 3764 cuma.
449 3701 527 3780 2⁶⁶5.
552 3720 579 3765 a.
605 3699 678 3761 Chr.
706 3721 735 3765 n.
761 3699 904 3781 idyllium
927 3700 1027 3761 XVII.
1054 3712 1275 3784 componeret,
1302 3699 1413 3781 Syriae
1436 3709 1468 3761 et
1491 3699 1596 3764 Phoe·

301 3809 392 3870 nicae
416 3819 524 3891 partes
548 3809 758 3891 Philadelpho
782 3811 942 3873 subiectas
967 3832 1037 3874 esse
1067 3823 1154 3876 recte
1176 3813 1302 3895 scripsit
1331 3807 1597 3896 (ἀποτέμνεται.)

405 3921 449 4002 b.)
472 3919 629 3981 Arabia
660 3931 691 3983 et
720 3921 966 4003 Aethiopia:
1004 3942 1068 4002 quo
1103 3933 1252 4004 tempore
1285 3922 1397 3984 harum
1431 3931 1598 3984 terrarum

299 4040 408 4110 partes
431 4030 491 4092 sibi
515 4032 685 4094 subiecerit
710 4032 913 4094 Ptolemaeus
937 4033 1162 4115 Philadelphus
1187 4054 1246 4095 nos
1269 4032 1408 4111 quidem,
1433 4051 1508 4093 curn
1526 4033 1599 4094 nul·

298 4140 363 4201 lurn
393 4141 569 4220 scriptores
599 4141 693 4202 nobis
722 4143 917 4204 servaverint
946 4144 1176 4216 testimonium,
1202 4142 1295 4226 plane
1323 4141 1493 4207 nescimus.
1542 4144 1600 4206 Ea

297 4258 406 4312 autem
439 4271 521 4332 quae
552 4250 681 4313 Hauler.
714 4250 731 4312 1.
765 4252 782 4316 l.
813 4274 843 4335 p.
874 4269 920 4332 19.
946 4254 987 4315 de
1016 4253 1077 4316 hac
1109 4276 1143 4317 re
1173 4254 1334 4320 disseruit:
1371 4254 1602 4334 ›Droysenius

300 4371 409 4423 autem
433 4380 554 4441 magna
577 4359 808 4440 probabilitate
825 4362 938 4436 effecit,
963 4353 1207 4444 Philadelphum
1230 4363 1490 4427 solummodo
1516 4379 1600 4446 post

229 4477 234 4484 '
299 4469 384 4532 illam
408 4483 539 4552 pacem,
557 4491 641 4550 quae
664 4491 748 4532 anno
774 4474 846 4551 265.
864 4474 906 4536 ab
923 4473 1078 4556 Aegypti,
1105 4473 1226 4555 Syriae,
1251 4474 1468 4547 Macedoniae,
1494 4473 1596 4555 Cyre-

300 4601 359 4642 nae
383 4581 515 4661 regibus
538 4579 623 4644 lacta
647 4592 706 4653 est,
731 4582 790 4644 has
813 4593 914 4645 terras
938 4604 1125 4665 expugnare
1142 4585 1317 4665 potuisset,
1342 4585 1367 4645 si
1392 4604 1510 4646 novam
1530 4588 1599 4668 epi-

300 4711 461 4777 gonorum
486 4690 640 4753 historiae
663 4693 837 4755 editionem
862 4695 1046 4776 inspexeris,
1077 4694 1155 4756 falsa
1185 4695 1378 4757 videbuntur
1402 4695 1457 4756 tibi
1481 4695 1532 4778 (cl.
1561 4720 1597 4780 p,
