3500 5498
913 515 954 609 lu

286 739 397 808 nalum
422 755 495 810 esse
511 755 657 832 narrant3
674 747 845 810 Cretenses
861 768 938 810 vero
960 749 1047 831 apud
1060 769 1093 810 se
1111 769 1181 810 esse
1197 758 1288 810 tuum
1304 745 1487 830 sepulcrum
1503 767 1580 810 con-

286 858 439 941 tendunt3
465 860 549 919 unde
580 859 678 937 igitur
708 857 831 919 ordiar?
861 855 1064 934 Theocritus,
1097 869 1269 939 postquam
1294 879 1340 919 vs.
1366 861 1401 924 8:
1426 853 1521 940 ὕμνοι
1547 857 1582 920 δὲ

284 965 339 1028 καὶ
361 961 543 1031 ἀθανάτων
577 965 671 1050 γέραςΙ
694 963 805 1031 αὐτῶν
836 969 1027 1030 sententiam
1049 988 1094 1030 vs.
1126 985 1150 1029 1.
1174 989 1241 1049 seq.
1272 967 1383 1048 hymni
1412 969 1443 1029 in
1467 968 1581 1029 Iovem
1653 959 1655 964 ’

286 1075 444 1153 repetivit,
464 1097 499 1139 se
515 1097 588 1138 curn
604 1077 762 1156 lignatore
779 1097 981 1158 comparans,
999 1079 1052 1160 qui
1069 1079 1100 1139 in
1117 1077 1182 1150 Ida,
1201 1097 1296 1159 quam
1315 1076 1455 1158 appellat
1471 1075 1579 1138 Theo·

285 1185 383 1246 critus
406 1183 636 1248 Callimachum
668 1195 806 1257 secutus,
850 1196 997 1268 propter¹
1015 1187 1165 1250 arborum
1197 1188 1325 1270 copiam
1350 1186 1578 1268 circumspicit,

285 1293 338 1355 ubi
361 1294 494 1356 caedere
518 1295 667 1378 incipiat:
699 1296 793 1368 unde,
828 1297 938 1378 inquit,
970 1298 1085 1370 ordiar,
1119 1316 1193 1358 cum
1217 1305 1266 1357 tot
1289 1304 1401 1357 extent
1425 1295 1577 1368 facinora,

284 1401 353 1467 ἐπεὶ
375 1403 465 1489 τάρα
485 1407 583 1490 μυρία
604 1405 714 1482 εἰπεῖν,
738 1405 746 1490 l
768 1399 831 1468 οἶσι
855 1407 926 1469 θεοὶ
950 1405 1009 1470 τὸν
1034 1401 1168 1489 ἀριστον
1189 1403 1341 1490 ἐτίμησαν
1363 1404 1539 1487 βασιλήων.

391 1515 496 1578 Finito
539 1517 674 1580 exordio
716 1526 851 1597 uterque
892 1527 996 1597 poeta
1036 1516 1078 1577 ad
1125 1537 1175 1578 res
1221 1517 1308 1598 ipsas
1355 1515 1579 1598 progreditur:

285 1625 376 1687 sicuti
400 1634 507 1688 autem
530 1625 742 1710 Callimachus
767 1627 954 1705 gravissimo
979 1625 1031 1688 illo
1054 1625 1089 1690 έν
1115 1625 1150 1690 δέ
1172 1643 1206 1688 σε
1228 1626 1397 1709 Παρρασὶγγ
1416 1618 1506 1708 Ῥείη
1529 1624 1577 1688 τέ-

285 1755 342 1798 κεν
357 1733 378 1815 ²)
414 1739 485 1798 κτλ.
521 1757 634 1800 omnes
673 1741 796 1801 errores
832 1737 1013 1799 diffundens
1051 1747 1084 1798 et
1120 1737 1203 1798 hanc
1236 1757 1307 1798 esse
1342 1754 1451 1796 veram
1493 1735 1584 1796 lovis

286 1846 422 1927 patriam
457 1847 646 1928 praedicans
682 1847 856 1928 primordia
879 1847 930 1908 dei
958 1848 1107 1922 celebrat,
1132 1849 1176 1908 ita
1203 1845 1395 1907 Theocritus
1430 1845 1581 1908 sollemni

184 1934 186 1942 ¹
284 1954 352 2016 illo:
377 1953 413 2018 ἐκ
436 1955 589 2039 πατέρων
611 1949 678 2031 σέας
692 1956 751 2040 μὲν
766 1953 823 2041 έην
843 1960 913 2021 κτλ.
940 1977 1070 2019 omnem
1086 1959 1292 2030 anxietatem,
1318 1956 1403 2018 unde
1420 1957 1578 2030 ordiatur,

285 2083 359 2126 cum
383 2073 473 2127 tanta
496 2067 580 2128 adsit
601 2067 782 2140 multitudo,
808 2069 984 2149 deponens,
1008 2088 1043 2128 se
1060 2068 1099 2129 de
1124 2067 1306 2140 maioribus,
1333 2066 1373 2128 de
1398 2067 1508 2150 patria,
1537 2066 1579 2127 de

286 2183 357 2236 toto
379 2194 497 2254 genere
521 2175 720 2258 Philadelphi
748 2178 931 2239 locuturum
955 2199 1025 2240 esse
1054 2177 1226 2259 praedicit3
1251 2175 1362 2259 quales
1393 2177 1477 2237 enirn
1510 2195 1579 2237 ma·

286 2285 369 2346 iores
391 2285 490 2346 taleni
521 2286 626 2368 ipsum
650 2287 891 2369 Philadelphum
920 2307 1000 2353 esse.
1047 2287 1128 2349 Eam
1161 2286 1277 2350 deinde
1308 2287 1450 2366 sequitur
1471 2305 1581 2346 rerum

222 2387 226 2397 ’
287 2395 548 2476 dispositionem,
582 2417 679 2478 quam
713 2395 941 2460 Callimachus:
977 2398 1118 2460 celebrat
1153 2397 1238 2477 regis
1263 2406 1412 2479 parentes
1440 2406 1472 2457 et
1504 2396 1579 2456 mai-

278 2524 378 2578 Δσεεε,
417 2513 468 2572 i-
511 2526 556 2573 vs,
600 2509 684 2590 57.),
732 2508 824 2570 sicuti
877 2506 1090 2570 Callimachus
1137 2509 1268 2589 quidem
1314 2506 1424 2569 Rheae
1467 2506 1581 2567 matris

287 2634 396 2676 curam
421 2624 453 2678 et
476 2615 560 2677 lovis
593 2617 767 2695 primordia
797 2618 949 2680 describit
981 2621 1035 2701 (—
1064 2620 1137 2700 53.).
1188 2619 1297 2683 lovem
1319 2617 1411 2679 Neda
1434 2615 1580 2697 nympha

286 2732 320 2786 et
348 2724 449 2786 insula
481 2723 576 2788 Creta
605 2727 734 2789 nutrivit
774 2726 893 2811 (hymn.
928 2750 972 2790 vs.
1008 2729 1167 2811 33--65.),
1201 2727 1444 2810 Philadelphum
1476 2727 1582 2788 insula

286 2834 350 2897 Cos
374 2845 407 2897 et
430 2835 498 2897 eius
522 2832 732 2918 nympha'(id
747 2837 848 2903 XVII.
871 2842 907 2918 58
922 2841 1034 2922 7·0.).
1081 2838 1266 2920 Sequuntur
1288 2849 1357 2900 tum
1374 2838 1434 2899 loci
1460 2838 1580 2917 gravis-

286 2944 372 3008 simi:
397 2944 611 3010 Callimachus
643 2948 728 3007 enim
760 2948 905 3022 colono,
932 2969 1028 3028 quern
1053 2950 1218 3030 designavi
1243 2952 1302 3031 (vs,
1325 2951 1409 3032 68.):
1434 2947 1484 3009 Tu
1507 2947 1580 3031 lup-

287 3057 379 3136 piter,
404 3057 514 3137 inquit,
540 3057 648 3140 θήκαο
664 3057 820 3122 δὀἰωνῶν
841 3054 909 3141 μέγ’
932 3054 1105 3142 ὑπείροχον
1120 3055 1320 3142 ἀγγελιώτην
1335 3055 1343 3146 ll
1360 3065 1426 3121 σῶν
1441 3064 1581 3140 τεραῶν,

287 3159 337 3230 ἀτ
363 3161 370 3184 '
392 3163 530 3249 ἐμοῖσι
555 3169 697 3248 φίλοις
720 3167 883 3251 ἐνδέξια
907 3171 1092 3250 φαένοις,
1115 3169 1288 3250 statimque
1303 3169 1504 3238 Theocritus,
1523 3167 1581 3248 qui

286 3275 318 3336 in
351 3276 562 3339 describenda
591 3279 657 3340 vita
688 3277 887 3360 Philadelphi
920 3280 1035 3341 eodem
1066 3297 1257 3361 progressus
1289 3289 1337 3340 est
1367 3288 1463 3360 atque
1488 3275 1581 3338 Calli-

287 3383 421 3446 machus
443 3387 474 3447 in
497 3386 590 3460 lovis,
615 3397 809 3466 argumento
827 3388 1041 3452 Callimacheo
1058 3398 1150 3451 utens
1166 3389 1272 3454 addit:
1296 3383 1314 3450 ὁ
1337 3382 1468 3468 ὑψόθεν
1483 3381 1581 3450 ἔκλα-

285 3516 321 3577 γε
355 3497 452 3583 φωνᾷ
484 3492 491 3582 Η
522 3492 554 3570 ές
576 3495 646 3580 τρὶς
681 3493 753 3560 ἀπὸ.
771 3496 900 3578 νεφέων
929 3499 1026 3583 μέγας
1055 3497 1161 3572 αἰετὸς
1189 3495 1290 3572 αἴσιος
1320 3492 1417 3581 ὄρνις.
1442 3494 1450 3584 fl
1472 3494 1583 3580 Ζηνός

285 3625 350 3668 που
383 3602 457 3669 τόδε
492 3612 576 3689 σᾶμα
610 3606 667 3689 (vs,
694 3610 769 3690 71.).
819 3609 899 3671 Mire
936 3609 1052 3672 deinde
1087 3610 1247 3672 consentit
1280 3605 1473 3669 Theocritus
1508 3625 1589 3668 cum

223 3763 227 3770 .
286 3711 495 3777 Callimacho:
522 3715 661 3796 Aquilae
691 3718 776 3779 enim
811 3720 975 3782 mentione
1007 3715 1098 3781 iacta
1122 3718 1336 3781 Callimachus
1367 3717 1455 3779 solos
1485 3737 1587 3798 reges

284 3824 351 3886 lovi
376 3824 464 3886 cordi
488 3846 559 3888 esse
581 3827 674 3894 dicit:
700 3827 836 3890 aliorum
858 3829 1042 3891 mortalium
1066 3849 1174 3891 curam
1198 3828 1294 3912 deum
1316 3827 1586 3910 potentissimum

285 3933 345 3998 diis
367 3935 544 3998 minoribus
559 3937 744 4013 tradidisse;
768 3947 866 4021 atque
890 3930 956 4021 quo
972 3939 1076 4019 magis
1099 3939 1180 4002 haec
1204 3925 1434 4000 confirmentur
1456 3957 1499 3999 vs.
1527 3953 1584 4016 79,

284 4063 350 4126 seq.
377 4065 536 4108 summam
561 4057 729 4130 repetens:
754 4047 795 4112 έκ
819 4049 858 4112 δέ
881 4048 977 4124 Διὸς
999 4053 1206 4135 βασιλῆες,
1232 4049 1342 4130 inquit,
1367 4045 1436 4111 ἐπεὶ
1455 4047 1548 4130 γένος
1558 4047 1586 4134 ²)

283 4150 378 4217 οὐδὲν
402 4151 558 4220 ἀνάκτων
574 4154 582 4245 ll
598 4156 778 4243 θειότερον·
805 4163 855 4242 τῷ
887 4161 941 4224 καί
964 4176 1020 4240 σφι
1049 4158 1126 4244 τεὴν
1149 4157 1280 4242 έκρίνασ
1302 4157 1404 4241 λάξιν.
1459 4157 1586 4238 Quam-

284 4284 381 4345 quam
411 4285 476 4327 non
508 4287 620 4330 omnes
652 4289 754 4350 reges,
786 4271 831 4332 sic
861 4271 967 4352 pergit
998 4269 1224 4342 Callimachus,
1255 4270 1375 4351 pariter
1407 4269 1462 4331 tibi
1487 4271 1584 4332 cordi

393 4459 410 4532 ¹)
431 4464 506 4514 Hunc
526 4466 607 4530 ipsum
626 4481 721 4515 versum
742 4469 860 4533 expressit
878 4469 1024 4518 Theocritus
1042 4484 1077 4516 vs.
1103 4479 1163 4516 122:
1193 4455 1247 4516 oid'r
1269 4466 1314 4516 καὶ
1330 4461 1484 4516 ἀθανάτων
1503 4463 1586 4536 ἱερὰς

282 4549 374 4624 γέμος
392 4554 565 4622 ἐξετελέσθη,
585 4555 593 4628 ll
614 4555 659 4616 viic
678 4563 772 4610 τέκετο
794 4567 924 4628 κρείουσα
943 4557 1001 4610 Ῥέα
1020 4561 1155 4624 βασιλῆας
1175 4551 1315 4630 ’θλὺμτισνζ

389 4645 409 4717 ²)
430 4649 472 4698 Sic
496 4650 554 4714 lego
582 4668 638 4700 cum
664 4653 799 4703 Meinekio.
837 4653 1006 4703 Chlebowski.
1032 4655 1050 4704 l.
1071 4654 1089 4709 l,
1108 4670 1132 4718 p.
1154 4654 1194 4715 36.
1214 4670 1264 4718 seq.
1308 4655 1417 4703 Heckeri
1443 4653 1586 4704 lectionem

280 4755 331 4790 non
349 4750 414 4790 recte
434 4749 520 4790 tuetur.
560 4742 598 4791 Cf.
618 4759 681 4808 quae
702 4743 838 4810 disputavit
858 4747 982 4796 Meineke.
1002 4747 1116 4796 Diatribe
1135 4763 1160 4813 p.
1185 4759 1241 4810 133.
