<?xml version="1.0" encoding="UTF-8"?>
<!DOCTYPE html PUBLIC "-//W3C//DTD XHTML 1.0 Transitional//EN"
    "http://www.w3.org/TR/xhtml1/DTD/xhtml1-transitional.dtd">
<html xmlns="http://www.w3.org/1999/xhtml" xml:lang="en" lang="en">
 <head>
  <title>
</title>
<meta http-equiv="Content-Type" content="text/html;charset=utf-8" />
  <meta name='ocr-system' content='tesseract 3.04.00' />
  <meta name='ocr-capabilities' content='ocr_page ocr_carea ocr_par ocr_line ocrx_word'/>
</head>
<body>
  <div class='ocr_page' id='page_1' title='image "./quaestionestheo00hempgoog_0093.png"; bbox 0 0 3500 5498; ppageno 0'>
   <div class='ocr_carea' id='block_1_1' title="bbox 215 473 1590 2740">
    <p class='ocr_par' dir='ltr' id='par_1_1' title="bbox 823 473 961 636">
     <span class='ocr_line' id='line_1_1' title="bbox 917 473 961 536; baseline 0 -17"><span class='ocrx_word' id='word_1_1' title='bbox 917 473 961 536; x_wconf 89' lang='lat'><strong>90</strong></span> 
     </span>
     <span class='ocr_line' id='line_1_2' title="bbox 823 607 829 636; baseline 0 0"><span class='ocrx_word' id='word_1_2' title='bbox 823 607 829 636; x_wconf 84' lang='grc' dir='ltr'>Ι</span> 
     </span>
    </p>

    <p class='ocr_par' dir='ltr' id='par_1_2' title="bbox 215 666 1589 1636">
     <span class='ocr_line' id='line_1_3' title="bbox 292 666 1589 746; baseline -0.005 -13"><span class='ocrx_word' id='word_1_3' title='bbox 292 671 374 734; x_wconf 91' lang='lat' dir='ltr'><strong>sicht</strong></span> <span class='ocrx_word' id='word_1_4' title='bbox 397 672 552 744; x_wconf 87' lang='lat' dir='ltr'><strong>bew&#39;ahrt,</strong></span> <span class='ocrx_word' id='word_1_5' title='bbox 583 671 635 732; x_wconf 92' lang='lat' dir='ltr'><strong>die</strong></span> <span class='ocrx_word' id='word_1_6' title='bbox 667 671 720 733; x_wconf 93' lang='lat' dir='ltr'><strong>ihn</strong></span> <span class='ocrx_word' id='word_1_7' title='bbox 752 670 873 734; x_wconf 85' lang='lat' dir='ltr'><strong>iiberall</strong></span> <span class='ocrx_word' id='word_1_8' title='bbox 903 671 1142 744; x_wconf 88' lang='lat' dir='ltr'><strong>auszeichnete;</strong></span> <span class='ocrx_word' id='word_1_9' title='bbox 1159 716 1249 736; x_wconf 89' lang='grc'><strong>.....</strong></span> <span class='ocrx_word' id='word_1_10' title='bbox 1277 666 1505 746; x_wconf 83' lang='lat' dir='ltr'><strong>iiberwiegend</strong></span> <span class='ocrx_word' id='word_1_11' title='bbox 1536 667 1589 728; x_wconf 87' lang='lat' dir='ltr'><strong>be·</strong></span> 
     </span>
     <span class='ocr_line' id='line_1_4' title="bbox 292 777 1587 856; baseline -0.004 -14"><span class='ocrx_word' id='word_1_12' title='bbox 292 782 433 845; x_wconf 90' lang='lat' dir='ltr'><strong>stimmte</strong></span> <span class='ocrx_word' id='word_1_13' title='bbox 458 782 512 844; x_wconf 93' lang='lat' dir='ltr'><strong>ihn</strong></span> <span class='ocrx_word' id='word_1_14' title='bbox 537 783 588 843; x_wconf 93' lang='lat' dir='ltr'><strong>die</strong></span> <span class='ocrx_word' id='word_1_15' title='bbox 609 781 787 845; x_wconf 86' lang='lat' dir='ltr'><strong>Riicksicht</strong></span> <span class='ocrx_word' id='word_1_16' title='bbox 810 781 943 844; x_wconf 77' lang='lat' dir='ltr'><strong>auidas</strong></span> <span class='ocrx_word' id='word_1_17' title='bbox 967 780 1077 852; x_wconf 87' lang='lat' dir='ltr'><strong>Reich,</strong></span> <span class='ocrx_word' id='word_1_18' title='bbox 1103 780 1163 840; x_wconf 87' lang='lat' dir='ltr'><strong>das</strong></span> <span class='ocrx_word' id='word_1_19' title='bbox 1193 799 1253 840; x_wconf 92' lang='lat' dir='ltr'><strong>nur</strong></span> <span class='ocrx_word' id='word_1_20' title='bbox 1282 787 1374 839; x_wconf 90' lang='lat' dir='ltr'><strong>unter</strong></span> <span class='ocrx_word' id='word_1_21' title='bbox 1408 777 1464 838; x_wconf 89' lang='lat' dir='ltr'><strong>der</strong></span> <span class='ocrx_word' id='word_1_22' title='bbox 1495 796 1587 856; x_wconf 85' lang='lat' dir='ltr'><strong>sorg-</strong></span> 
     </span>
     <span class='ocr_line' id='line_1_5' title="bbox 292 888 1587 972; baseline -0.005 -18"><span class='ocrx_word' id='word_1_23' title='bbox 292 891 457 972; x_wconf 81' lang='lat' dir='ltr'><strong>saltigsten</strong></span> <span class='ocrx_word' id='word_1_24' title='bbox 480 891 626 954; x_wconf 90' lang='lat' dir='ltr'><strong>Einsicht</strong></span> <span class='ocrx_word' id='word_1_25' title='bbox 655 893 707 954; x_wconf 91' lang='lat' dir='ltr'><strong>die</strong></span> <span class='ocrx_word' id='word_1_26' title='bbox 740 892 1071 972; x_wconf 84' lang='lat' dir='ltr'><strong>Machteutwicklung</strong></span> <span class='ocrx_word' id='word_1_27' title='bbox 1102 890 1270 972; x_wconf 83' lang='lat' dir='ltr'><strong>gewinnen</strong></span> <span class='ocrx_word' id='word_1_28' title='bbox 1301 889 1432 960; x_wconf 86' lang='lat' dir='ltr'><strong>konnte,</strong></span> <span class='ocrx_word' id='word_1_29' title='bbox 1457 907 1494 948; x_wconf 87' lang='lat' dir='ltr'><strong>zu</strong></span> <span class='ocrx_word' id='word_1_30' title='bbox 1529 888 1587 949; x_wconf 91' lang='lat' dir='ltr'><strong>der</strong></span> 
     </span>
     <span class='ocr_line' id='line_1_6' title="bbox 293 998 1587 1084; baseline -0.006 -18"><span class='ocrx_word' id='word_1_31' title='bbox 293 1023 327 1066; x_wconf 91' lang='lat' dir='ltr'><strong>er</strong></span> <span class='ocrx_word' id='word_1_32' title='bbox 350 1001 411 1065; x_wconf 92' lang='lat' dir='ltr'><strong>den</strong></span> <span class='ocrx_word' id='word_1_33' title='bbox 435 1002 561 1064; x_wconf 89' lang='lat' dir='ltr'><strong>sichem</strong></span> <span class='ocrx_word' id='word_1_34' title='bbox 578 999 690 1065; x_wconf 90' lang='lat' dir='ltr'><strong>Grund</strong></span> <span class='ocrx_word' id='word_1_35' title='bbox 713 1003 822 1084; x_wconf 84' lang='lat' dir='ltr'><strong>gelegt</strong></span> <span class='ocrx_word' id='word_1_36' title='bbox 844 1003 943 1067; x_wconf 89' lang='lat' dir='ltr'><strong>hatte.</strong></span> <span class='ocrx_word' id='word_1_37' title='bbox 991 1003 1035 1065; x_wconf 89' lang='lat' dir='ltr'><strong>Er</strong></span> <span class='ocrx_word' id='word_1_38' title='bbox 1055 1004 1177 1065; x_wconf 88' lang='lat' dir='ltr'><strong>konnte</strong></span> <span class='ocrx_word' id='word_1_39' title='bbox 1202 1021 1236 1062; x_wconf 91' lang='lat' dir='ltr'><strong>es</strong></span> <span class='ocrx_word' id='word_1_40' title='bbox 1261 1000 1291 1061; x_wconf 91' lang='lat' dir='ltr'><strong>in</strong></span> <span class='ocrx_word' id='word_1_41' title='bbox 1315 999 1409 1060; x_wconf 88' lang='lat' dir='ltr'><strong>keine</strong></span> <span class='ocrx_word' id='word_1_42' title='bbox 1432 998 1587 1059; x_wconf 88' lang='lat' dir='ltr'><strong>besseren</strong></span> 
     </span>
     <span class='ocr_line' id='line_1_7' title="bbox 293 1109 1585 1194; baseline -0.005 -19"><span class='ocrx_word' id='word_1_43' title='bbox 293 1114 411 1176; x_wconf 75' lang='lat' dir='ltr'><strong>Hande</strong></span> <span class='ocrx_word' id='word_1_44' title='bbox 434 1113 536 1194; x_wconf 83' lang='lat' dir='ltr'><strong>legen,</strong></span> <span class='ocrx_word' id='word_1_45' title='bbox 568 1113 614 1176; x_wconf 91' lang='lat' dir='ltr'><strong>als</strong></span> <span class='ocrx_word' id='word_1_46' title='bbox 643 1115 676 1175; x_wconf 91' lang='lat' dir='ltr'><strong>in</strong></span> <span class='ocrx_word' id='word_1_47' title='bbox 707 1114 759 1175; x_wconf 92' lang='lat' dir='ltr'><strong>die</strong></span> <span class='ocrx_word' id='word_1_48' title='bbox 792 1114 896 1175; x_wconf 89' lang='lat' dir='ltr'><strong>seines</strong></span> <span class='ocrx_word' id='word_1_49' title='bbox 931 1113 1185 1192; x_wconf 75' lang='lat' dir='ltr'><strong>Lieblings‹.,.</strong></span> <span class='ocrx_word' id='word_1_50' title='bbox 1230 1110 1330 1190; x_wconf 86' lang='lat' dir='ltr'><strong>Quod</strong></span> <span class='ocrx_word' id='word_1_51' title='bbox 1364 1109 1585 1170; x_wconf 84' lang='lat' dir='ltr'>Ptolemaeum</span> 
     </span>
     <span class='ocr_line' id='line_1_8' title="bbox 293 1219 1586 1306; baseline -0.005 -20"><span class='ocrx_word' id='word_1_52' title='bbox 293 1234 417 1304; x_wconf 90' lang='lat' dir='ltr'><strong>patrem</strong></span> <span class='ocrx_word' id='word_1_53' title='bbox 449 1223 536 1288; x_wconf 91' lang='lat' dir='ltr'><strong>haud</strong></span> <span class='ocrx_word' id='word_1_54' title='bbox 567 1225 783 1304; x_wconf 85' lang='lat' dir='ltr'>nequicquam</span> <span class='ocrx_word' id='word_1_55' title='bbox 813 1224 995 1306; x_wconf 91' lang='lat' dir='ltr'><strong>speravisse</strong></span> <span class='ocrx_word' id='word_1_56' title='bbox 1017 1223 1068 1285; x_wconf 90' lang='lat' dir='ltr'><strong>vel</strong></span> <span class='ocrx_word' id='word_1_57' title='bbox 1091 1222 1233 1284; x_wconf 85' lang='lat' dir='ltr'>maxime</span> <span class='ocrx_word' id='word_1_58' title='bbox 1261 1229 1294 1283; x_wconf 90' lang='lat' dir='ltr'><strong>et</strong></span> <span class='ocrx_word' id='word_1_59' title='bbox 1324 1219 1586 1300; x_wconf 84' lang='lat' dir='ltr'><strong>splendidissime</strong></span> 
     </span>
     <span class='ocr_line' id='line_1_9' title="bbox 215 1328 1587 1415; baseline -0.005 -19"><span class='ocrx_word' id='word_1_60' title='bbox 215 1406 218 1412; x_wconf 25' lang='grc'>1</span> <span class='ocrx_word' id='word_1_61' title='bbox 293 1334 465 1396; x_wconf 90' lang='lat' dir='ltr'><strong>illustratur</strong></span> <span class='ocrx_word' id='word_1_62' title='bbox 502 1333 686 1398; x_wconf 74' lang='lat' dir='ltr'><strong>Callimachi</strong></span> <span class='ocrx_word' id='word_1_63' title='bbox 723 1331 847 1413; x_wconf 89' lang='lat' dir='ltr'>hymno</span> <span class='ocrx_word' id='word_1_64' title='bbox 880 1335 910 1395; x_wconf 93' lang='lat' dir='ltr'><strong>in</strong></span> <span class='ocrx_word' id='word_1_65' title='bbox 941 1335 1061 1406; x_wconf 87' lang='lat' dir='ltr'><strong>lovem,</strong></span> <span class='ocrx_word' id='word_1_66' title='bbox 1094 1334 1148 1415; x_wconf 92' lang='lat' dir='ltr'><strong>qui</strong></span> <span class='ocrx_word' id='word_1_67' title='bbox 1183 1328 1382 1412; x_wconf 88' lang='lat' dir='ltr'><strong>Philadelphi</strong></span> <span class='ocrx_word' id='word_1_68' title='bbox 1417 1329 1587 1410; x_wconf 88' lang='lat' dir='ltr'><strong>potentiae</strong></span> 
     </span>
     <span class='ocr_line' id='line_1_10' title="bbox 251 1425 1586 1524; baseline -0.005 -18"><span class='ocrx_word' id='word_1_69' title='bbox 251 1425 255 1436; x_wconf 43' lang='lat'><em>¹</em></span> <span class='ocrx_word' id='word_1_70' title='bbox 293 1445 455 1506; x_wconf 90' lang='lat' dir='ltr'><strong>summum</strong></span> <span class='ocrx_word' id='word_1_71' title='bbox 479 1443 643 1524; x_wconf 80' lang='lat' dir='ltr'><strong>fastigium</strong></span> <span class='ocrx_word' id='word_1_72' title='bbox 666 1443 825 1523; x_wconf 84' lang='lat' dir='ltr'><strong>designat,</strong></span> <span class='ocrx_word' id='word_1_73' title='bbox 857 1454 927 1506; x_wconf 90' lang='lat' dir='ltr'><strong>tum</strong></span> <span class='ocrx_word' id='word_1_74' title='bbox 958 1443 1121 1505; x_wconf 87' lang='lat' dir='ltr'><strong>Theocriti</strong></span> <span class='ocrx_word' id='word_1_75' title='bbox 1147 1443 1256 1523; x_wconf 92' lang='lat' dir='ltr'><strong>idyllio</strong></span> <span class='ocrx_word' id='word_1_76' title='bbox 1281 1441 1422 1522; x_wconf 86' lang='lat' dir='ltr'><strong>septimo</strong></span> <span class='ocrx_word' id='word_1_77' title='bbox 1447 1439 1586 1512; x_wconf 87' lang='lat' dir='ltr'><strong>decimo,</strong></span> 
     </span>
     <span class='ocr_line' id='line_1_11' title="bbox 294 1552 1081 1636; baseline 0.001 -21"><span class='ocrx_word' id='word_1_78' title='bbox 294 1555 343 1616; x_wconf 93' lang='lat' dir='ltr'><strong>cui</strong></span> <span class='ocrx_word' id='word_1_79' title='bbox 367 1553 507 1635; x_wconf 89' lang='lat' dir='ltr'><strong>hymnus</strong></span> <span class='ocrx_word' id='word_1_80' title='bbox 531 1553 766 1616; x_wconf 88' lang='lat' dir='ltr'><strong>Callimacheus</strong></span> <span class='ocrx_word' id='word_1_81' title='bbox 789 1553 954 1636; x_wconf 90' lang='lat' dir='ltr'><strong>exemplar</strong></span> <span class='ocrx_word' id='word_1_82' title='bbox 978 1553 1037 1616; x_wconf 88' lang='lat' dir='ltr'><strong>fuit</strong></span> <span class='ocrx_word' id='word_1_83' title='bbox 1048 1552 1081 1636; x_wconf 84' lang='lat'><strong>¹).</strong></span> 
     </span>
    </p>

    <p class='ocr_par' dir='ltr' id='par_1_3' title="bbox 216 1648 1590 2740">
     <span class='ocr_line' id='line_1_12' title="bbox 400 1648 1586 1746; baseline -0.005 -21"><span class='ocrx_word' id='word_1_84' title='bbox 400 1664 605 1726; x_wconf 86' lang='lat' dir='ltr'><strong>Accedamus</strong></span> <span class='ocrx_word' id='word_1_85' title='bbox 636 1684 719 1726; x_wconf 92' lang='lat' dir='ltr'><strong>nunc</strong></span> <span class='ocrx_word' id='word_1_86' title='bbox 754 1663 796 1724; x_wconf 91' lang='lat' dir='ltr'><strong>ad</strong></span> <span class='ocrx_word' id='word_1_87' title='bbox 820 1648 1008 1726; x_wconf 79' lang='lat' dir='ltr'><strong>Callimachi</strong></span> <span class='ocrx_word' id='word_1_88' title='bbox 1031 1665 1189 1746; x_wconf 90' lang='lat' dir='ltr'><strong>hymnum</strong></span> <span class='ocrx_word' id='word_1_89' title='bbox 1213 1664 1244 1724; x_wconf 89' lang='lat' dir='ltr'><strong>in</strong></span> <span class='ocrx_word' id='word_1_90' title='bbox 1269 1662 1386 1724; x_wconf 89' lang='lat' dir='ltr'><strong>Delum</strong></span> <span class='ocrx_word' id='word_1_91' title='bbox 1409 1660 1498 1743; x_wconf 69' lang='lat' dir='ltr'><strong>(ty),</strong></span> <span class='ocrx_word' id='word_1_92' title='bbox 1529 1659 1586 1740; x_wconf 91' lang='lat' dir='ltr'><strong>qui</strong></span> 
     </span>
     <span class='ocr_line' id='line_1_13' title="bbox 294 1753 1588 1857; baseline -0.005 -20"><span class='ocrx_word' id='word_1_93' title='bbox 294 1776 363 1854; x_wconf 89' lang='lat' dir='ltr'><strong>ipse</strong></span> <span class='ocrx_word' id='word_1_94' title='bbox 388 1794 518 1857; x_wconf 91' lang='lat' dir='ltr'><strong>quoque</strong></span> <span class='ocrx_word' id='word_1_95' title='bbox 541 1794 692 1856; x_wconf 84' lang='lat' dir='ltr'><strong>magnam</strong></span> <span class='ocrx_word' id='word_1_96' title='bbox 728 1794 801 1836; x_wconf 92' lang='lat' dir='ltr'><strong>cum</strong></span> <span class='ocrx_word' id='word_1_97' title='bbox 826 1773 991 1838; x_wconf 86' lang='lat' dir='ltr'><strong>Theocriti</strong></span> <span class='ocrx_word' id='word_1_98' title='bbox 1024 1775 1133 1855; x_wconf 92' lang='lat' dir='ltr'><strong>idyllio</strong></span> <span class='ocrx_word' id='word_1_99' title='bbox 1163 1774 1264 1836; x_wconf 90' lang='lat' dir='ltr'>XVII.</span> <span class='ocrx_word' id='word_1_100' title='bbox 1288 1772 1388 1834; x_wconf 91' lang='lat' dir='ltr'><strong>habet</strong></span> <span class='ocrx_word' id='word_1_101' title='bbox 1411 1753 1588 1833; x_wconf 85' lang='lat' dir='ltr'><strong>similitudi·</strong></span> 
     </span>
     <span class='ocr_line' id='line_1_14' title="bbox 295 1880 1589 1965; baseline -0.005 -18"><span class='ocrx_word' id='word_1_102' title='bbox 295 1906 379 1950; x_wconf 89' lang='lat' dir='ltr'><strong>nem.</strong></span> <span class='ocrx_word' id='word_1_103' title='bbox 417 1883 482 1965; x_wconf 86' lang='lat' dir='ltr'><strong>Qui</strong></span> <span class='ocrx_word' id='word_1_104' title='bbox 499 1885 639 1946; x_wconf 86' lang='lat' dir='ltr'><strong>maxime</strong></span> <span class='ocrx_word' id='word_1_105' title='bbox 658 1885 722 1946; x_wconf 92' lang='lat' dir='ltr'><strong>huc</strong></span> <span class='ocrx_word' id='word_1_106' title='bbox 742 1883 862 1946; x_wconf 82' lang='lat' dir='ltr'><strong>iaciunt</strong></span> <span class='ocrx_word' id='word_1_107' title='bbox 884 1894 959 1946; x_wconf 91' lang='lat' dir='ltr'><strong>sunt</strong></span> <span class='ocrx_word' id='word_1_108' title='bbox 976 1885 1087 1965; x_wconf 90' lang='lat' dir='ltr'><strong>hymni</strong></span> <span class='ocrx_word' id='word_1_109' title='bbox 1110 1905 1220 1947; x_wconf 89' lang='lat' dir='ltr'><strong>versus</strong></span> <span class='ocrx_word' id='word_1_110' title='bbox 1244 1901 1261 1946; x_wconf 85' lang='lat'>2</span> <span class='ocrx_word' id='word_1_111' title='bbox 1269 1898 1283 1962; x_wconf 85' lang='lat'><strong>5</strong></span> <span class='ocrx_word' id='word_1_112' title='bbox 1291 1895 1317 1962; x_wconf 83' lang='grc'><strong>5.</strong></span> <span class='ocrx_word' id='word_1_113' title='bbox 1341 1902 1443 1963; x_wconf 86' lang='lat' dir='ltr'><strong>seqq,</strong></span> <span class='ocrx_word' id='word_1_114' title='bbox 1470 1880 1589 1959; x_wconf 87' lang='lat' dir='ltr'><strong>quibus</strong></span> 
     </span>
     <span class='ocr_line' id='line_1_15' title="bbox 295 1993 1587 2076; baseline -0.004 -19"><span class='ocrx_word' id='word_1_115' title='bbox 295 1996 374 2057; x_wconf 89' lang='lat' dir='ltr'><strong>mire</strong></span> <span class='ocrx_word' id='word_1_116' title='bbox 387 1994 583 2076; x_wconf 90' lang='lat' dir='ltr'><strong>respondere</strong></span> <span class='ocrx_word' id='word_1_117' title='bbox 598 1994 735 2056; x_wconf 91' lang='lat' dir='ltr'><strong>Theocr.</strong></span> <span class='ocrx_word' id='word_1_118' title='bbox 754 1994 855 2056; x_wconf 88' lang='lat' dir='ltr'><strong>XVll.</strong></span> <span class='ocrx_word' id='word_1_119' title='bbox 883 1997 931 2073; x_wconf 83' lang='lat'><strong>58.</strong></span> <span class='ocrx_word' id='word_1_120' title='bbox 945 2015 1035 2076; x_wconf 88' lang='lat' dir='ltr'><strong>seqq.</strong></span> <span class='ocrx_word' id='word_1_121' title='bbox 1059 1996 1139 2056; x_wconf 91' lang='lat' dir='ltr'><strong>vidit</strong></span> <span class='ocrx_word' id='word_1_122' title='bbox 1155 1994 1269 2059; x_wconf 90' lang='lat' dir='ltr'><strong>Couat.</strong></span> <span class='ocrx_word' id='word_1_123' title='bbox 1289 1993 1320 2075; x_wconf 94' lang='lat' dir='ltr'><strong>(l.</strong></span> <span class='ocrx_word' id='word_1_124' title='bbox 1337 1993 1355 2054; x_wconf 89' lang='lat' dir='ltr'><strong>l.</strong></span> <span class='ocrx_word' id='word_1_125' title='bbox 1373 2014 1405 2075; x_wconf 92' lang='lat' dir='ltr'><strong>p.</strong></span> <span class='ocrx_word' id='word_1_126' title='bbox 1430 1994 1477 2056; x_wconf 90' lang='lat'><strong>18.</strong></span> <span class='ocrx_word' id='word_1_127' title='bbox 1496 1993 1587 2074; x_wconf 73' lang='lat' dir='ltr'><strong>seq).</strong></span> 
     </span>
     <span class='ocr_line' id='line_1_16' title="bbox 294 2087 1590 2186; baseline -0.003 -19"><span class='ocrx_word' id='word_1_128' title='bbox 294 2104 486 2184; x_wconf 89' lang='lat' dir='ltr'><strong>Inspiciendi</strong></span> <span class='ocrx_word' id='word_1_129' title='bbox 511 2113 584 2166; x_wconf 92' lang='lat' dir='ltr'><strong>sunt</strong></span> <span class='ocrx_word' id='word_1_130' title='bbox 606 2105 703 2166; x_wconf 88' lang='lat' dir='ltr'><strong>etiam</strong></span> <span class='ocrx_word' id='word_1_131' title='bbox 733 2125 795 2166; x_wconf 89' lang='lat' dir='ltr'><strong>vss.</strong></span> <span class='ocrx_word' id='word_1_132' title='bbox 834 2105 902 2184; x_wconf 85' lang='lat'><strong>165.</strong></span> <span class='ocrx_word' id='word_1_133' title='bbox 924 2124 1014 2186; x_wconf 90' lang='lat' dir='ltr'><strong>seqq.</strong></span> <span class='ocrx_word' id='word_1_134' title='bbox 1049 2087 1143 2168; x_wconf 88' lang='lat' dir='ltr'><strong>huius</strong></span> <span class='ocrx_word' id='word_1_135' title='bbox 1172 2104 1294 2186; x_wconf 85' lang='lat' dir='ltr'><strong>hymni,</strong></span> <span class='ocrx_word' id='word_1_136' title='bbox 1330 2103 1384 2166; x_wconf 92' lang='lat' dir='ltr'><strong>ubi</strong></span> <span class='ocrx_word' id='word_1_137' title='bbox 1415 2103 1456 2163; x_wconf 93' lang='lat' dir='ltr'><strong>de</strong></span> <span class='ocrx_word' id='word_1_138' title='bbox 1486 2101 1590 2164; x_wconf 91' lang='lat' dir='ltr'><strong>insula</strong></span> 
     </span>
     <span class='ocr_line' id='line_1_17' title="bbox 216 2205 1086 2297; baseline 0.001 -20"><span class='ocrx_word' id='word_1_139' title='bbox 216 2205 224 2222; x_wconf 72' lang='lat'><strong>⁹</strong></span> <span class='ocrx_word' id='word_1_140' title='bbox 295 2213 353 2288; x_wconf 91' lang='lat' dir='ltr'><strong>Co,</strong></span> <span class='ocrx_word' id='word_1_141' title='bbox 378 2213 575 2294; x_wconf 89' lang='lat' dir='ltr'><strong>Philadelphi</strong></span> <span class='ocrx_word' id='word_1_142' title='bbox 600 2215 713 2297; x_wconf 86' lang='lat' dir='ltr'><strong>patria,</strong></span> <span class='ocrx_word' id='word_1_143' title='bbox 739 2213 820 2277; x_wconf 89' lang='lat' dir='ltr'><strong>haec</strong></span> <span class='ocrx_word' id='word_1_144' title='bbox 843 2215 1086 2297; x_wconf 79' lang='lat' dir='ltr'><strong>praedicantur:</strong></span> 
     </span>
     <span class='ocr_line' id='line_1_18' title="bbox 454 2320 1346 2409; baseline 0.001 -22"><span class='ocrx_word' id='word_1_145' title='bbox 454 2320 539 2387; x_wconf 80' lang='grc' dir='ltr'><em>ἀλλά</em></span> <span class='ocrx_word' id='word_1_146' title='bbox 561 2321 591 2388; x_wconf 83' lang='lat' dir='ltr'><strong>ol</strong></span> <span class='ocrx_word' id='word_1_147' title='bbox 614 2322 649 2388; x_wconf 77' lang='grc' dir='ltr'><strong>ἐκ</strong></span> <span class='ocrx_word' id='word_1_148' title='bbox 671 2324 811 2408; x_wconf 79' lang='grc' dir='ltr'><em>μοιρέων</em></span> <span class='ocrx_word' id='word_1_149' title='bbox 833 2348 883 2400; x_wconf 86' lang='grc' dir='ltr'><strong>τις</strong></span> <span class='ocrx_word' id='word_1_150' title='bbox 907 2322 1115 2409; x_wconf 79' lang='grc' dir='ltr'><strong><em>ὀφειλόμενος</em></strong></span> <span class='ocrx_word' id='word_1_151' title='bbox 1137 2323 1216 2400; x_wconf 89' lang='grc' dir='ltr'><em>θεός</em></span> <span class='ocrx_word' id='word_1_152' title='bbox 1247 2320 1346 2398; x_wconf 77' lang='grc' dir='ltr'><em>ἄλλος</em></span> 
     </span>
     <span class='ocr_line' id='line_1_19' title="bbox 452 2429 1338 2519; baseline 0.003 -22"><span class='ocrx_word' id='word_1_153' title='bbox 452 2431 530 2511; x_wconf 81' lang='grc' dir='ltr'><em>ἐστι’,</em></span> <span class='ocrx_word' id='word_1_154' title='bbox 561 2434 777 2517; x_wconf 54' lang='grc' dir='ltr'><em>σαωτήρωνθ)</em></span> <span class='ocrx_word' id='word_1_155' title='bbox 799 2429 929 2499; x_wconf 76' lang='grc' dir='ltr'><em>ὕπατον</em></span> <span class='ocrx_word' id='word_1_156' title='bbox 954 2435 1055 2519; x_wconf 88' lang='grc' dir='ltr'><em>γένος·</em></span> <span class='ocrx_word' id='word_1_157' title='bbox 1081 2437 1109 2518; x_wconf 80' lang='lat' dir='ltr'><strong>qd</strong></span> <span class='ocrx_word' id='word_1_158' title='bbox 1132 2431 1199 2500; x_wconf 70' lang='lat' dir='ltr'><strong>tut</strong></span> <span class='ocrx_word' id='word_1_159' title='bbox 1221 2436 1338 2519; x_wconf 81' lang='grc' dir='ltr'><em>μίτρην</em></span> 
     </span>
     <span class='ocr_line' id='line_1_20' title="bbox 454 2539 1269 2629; baseline 0.002 -23"><span class='ocrx_word' id='word_1_160' title='bbox 454 2539 552 2626; x_wconf 76' lang='grc' dir='ltr'><em>ἵξεται</em></span> <span class='ocrx_word' id='word_1_161' title='bbox 576 2540 635 2608; x_wconf 88' lang='grc' dir='ltr'><strong>οὐκ</strong></span> <span class='ocrx_word' id='word_1_162' title='bbox 657 2540 797 2608; x_wconf 79' lang='grc' dir='ltr'><em>ἀέκουσα</em></span> <span class='ocrx_word' id='word_1_163' title='bbox 819 2542 1019 2629; x_wconf 57' lang='grc' dir='ltr'><em>Μακηόόνιῧ)</em></span> <span class='ocrx_word' id='word_1_164' title='bbox 1043 2545 1269 2628; x_wconf 86' lang='grc' dir='ltr'><em>κοιρανέεσθαι</em></span> 
     </span>
     <span class='ocr_line' id='line_1_21' title="bbox 454 2652 1373 2740; baseline 0 -23"><span class='ocrx_word' id='word_1_165' title='bbox 454 2652 620 2738; x_wconf 83' lang='grc' dir='ltr'><em>άμφοτέρη</em></span> <span class='ocrx_word' id='word_1_166' title='bbox 652 2653 806 2738; x_wconf 83' lang='grc' dir='ltr'><em>μεσόγαια</em></span> <span class='ocrx_word' id='word_1_167' title='bbox 839 2657 892 2720; x_wconf 82' lang='grc' dir='ltr'><strong>καὶ</strong></span> <span class='ocrx_word' id='word_1_168' title='bbox 934 2654 968 2719; x_wconf 83' lang='grc' dir='ltr'><strong>αἳ</strong></span> <span class='ocrx_word' id='word_1_169' title='bbox 1000 2655 1174 2740; x_wconf 77' lang='grc' dir='ltr'><em>πελάγεσσι</em></span> <span class='ocrx_word' id='word_1_170' title='bbox 1197 2655 1373 2740; x_wconf 77' lang='grc' dir='ltr'><em>κάθηνται,</em></span> 
     </span>
    </p>
   </div>
   <div class='ocr_carea' id='block_1_2' title="bbox 297 2757 1594 3400">
    <p class='ocr_par' dir='ltr' id='par_1_4' title="bbox 454 2757 1396 2849">
     <span class='ocr_line' id='line_1_22' title="bbox 454 2757 1396 2849; baseline 0.003 -23"><span class='ocrx_word' id='word_1_171' title='bbox 454 2763 561 2846; x_wconf 80' lang='grc' dir='ltr'><em>μέχρις</em></span> <span class='ocrx_word' id='word_1_172' title='bbox 584 2757 668 2827; x_wconf 86' lang='grc' dir='ltr'><em>όπου</em></span> <span class='ocrx_word' id='word_1_173' title='bbox 689 2763 816 2849; x_wconf 88' lang='grc' dir='ltr'><em>περάτη</em></span> <span class='ocrx_word' id='word_1_174' title='bbox 851 2788 887 2830; x_wconf 88' lang='grc' dir='ltr'><strong>τε</strong></span> <span class='ocrx_word' id='word_1_175' title='bbox 911 2767 964 2830; x_wconf 87' lang='grc' dir='ltr'><strong>καὶ</strong></span> <span class='ocrx_word' id='word_1_176' title='bbox 996 2761 1149 2830; x_wconf 75' lang='grc' dir='ltr'><em>ὁππόθεν</em></span> <span class='ocrx_word' id='word_1_177' title='bbox 1179 2762 1277 2840; x_wconf 84' lang='grc' dir='ltr'><em>ὠκέες</em></span> <span class='ocrx_word' id='word_1_178' title='bbox 1300 2761 1396 2829; x_wconf 77' lang='grc' dir='ltr'><em>ἵπποι</em></span> 
     </span>
    </p>

    <p class='ocr_par' dir='ltr' id='par_1_5' title="bbox 297 2868 1594 3400">
     <span class='ocr_line' id='line_1_23' title="bbox 456 2868 1289 2963; baseline 0 -25"><span class='ocrx_word' id='word_1_179' title='bbox 456 2868 575 2938; x_wconf 76' lang='grc' dir='ltr'><em>Ἠέλιον</em></span> <span class='ocrx_word' id='word_1_180' title='bbox 597 2874 771 2959; x_wconf 87' lang='grc' dir='ltr'><em>φορέουσιν</em></span> <span class='ocrx_word' id='word_1_181' title='bbox 779 2872 815 2957; x_wconf 75' lang='grc'><strong>4)·</strong></span> <span class='ocrx_word' id='word_1_182' title='bbox 839 2871 857 2940; x_wconf 90' lang='grc' dir='ltr'>ὁ</span> <span class='ocrx_word' id='word_1_183' title='bbox 881 2871 1025 2941; x_wconf 75' lang='grc' dir='ltr'><em>δἐἴσεται</em></span> <span class='ocrx_word' id='word_1_184' title='bbox 1048 2870 1132 2963; x_wconf 77' lang='grc' dir='ltr'><em>ἤθεα</em></span> <span class='ocrx_word' id='word_1_185' title='bbox 1155 2875 1289 2961; x_wconf 82' lang='grc' dir='ltr'><em>πατρός.</em></span> 
     </span>
     <span class='ocr_line' id='line_1_24' title="bbox 297 2985 1593 3069; baseline 0.003 -22"><span class='ocrx_word' id='word_1_186' title='bbox 297 2985 346 3047; x_wconf 90' lang='lat' dir='ltr'><strong>Ea</strong></span> <span class='ocrx_word' id='word_1_187' title='bbox 369 2985 527 3064; x_wconf 86' lang='lat' dir='ltr'><strong>expressit</strong></span> <span class='ocrx_word' id='word_1_188' title='bbox 549 2985 742 3048; x_wconf 90' lang='lat' dir='ltr'><strong>Theocritus</strong></span> <span class='ocrx_word' id='word_1_189' title='bbox 766 2987 807 3048; x_wconf 94' lang='lat' dir='ltr'><strong>id.</strong></span> <span class='ocrx_word' id='word_1_190' title='bbox 841 2988 940 3053; x_wconf 90' lang='lat' dir='ltr'>XVII.</span> <span class='ocrx_word' id='word_1_191' title='bbox 975 3009 1036 3050; x_wconf 90' lang='lat' dir='ltr'><strong>vss.</strong></span> <span class='ocrx_word' id='word_1_192' title='bbox 1067 2989 1123 3069; x_wconf 91' lang='lat'><strong>76:</strong></span> <span class='ocrx_word' id='word_1_193' title='bbox 1147 2988 1257 3069; x_wconf 94' lang='lat' dir='ltr'><strong>hymni</strong></span> <span class='ocrx_word' id='word_1_194' title='bbox 1287 2995 1396 3048; x_wconf 88' lang='lat' dir='ltr'><strong>autem</strong></span> <span class='ocrx_word' id='word_1_195' title='bbox 1426 3007 1472 3051; x_wconf 81' lang='lat' dir='ltr'><strong>vs,</strong></span> <span class='ocrx_word' id='word_1_196' title='bbox 1510 2987 1593 3051; x_wconf 82' lang='lat'>168:</span> 
     </span>
     <span class='ocr_line' id='line_1_25' title="bbox 298 3091 1594 3181; baseline 0.001 -24"><span class='ocrx_word' id='word_1_197' title='bbox 298 3091 464 3178; x_wconf 86' lang='grc' dir='ltr'><em>άμφοτέρη</em></span> <span class='ocrx_word' id='word_1_198' title='bbox 485 3092 638 3178; x_wconf 83' lang='grc' dir='ltr'><em>μεσόγαια</em></span> <span class='ocrx_word' id='word_1_199' title='bbox 662 3097 694 3180; x_wconf 86' lang='lat' dir='ltr'><strong>(i.</strong></span> <span class='ocrx_word' id='word_1_200' title='bbox 719 3118 745 3158; x_wconf 90' lang='lat' dir='ltr'><strong>e.</strong></span> <span class='ocrx_word' id='word_1_201' title='bbox 774 3097 884 3160; x_wconf 82' lang='lat' dir='ltr'><strong>Africa</strong></span> <span class='ocrx_word' id='word_1_202' title='bbox 909 3108 941 3160; x_wconf 92' lang='lat' dir='ltr'><strong>et</strong></span> <span class='ocrx_word' id='word_1_203' title='bbox 975 3098 1068 3181; x_wconf 82' lang='lat' dir='ltr'><strong>Asia)</strong></span> <span class='ocrx_word' id='word_1_204' title='bbox 1092 3100 1146 3162; x_wconf 86' lang='grc' dir='ltr'><strong>καὶ</strong></span> <span class='ocrx_word' id='word_1_205' title='bbox 1170 3096 1204 3162; x_wconf 82' lang='grc' dir='ltr'><strong>αἳ</strong></span> <span class='ocrx_word' id='word_1_206' title='bbox 1225 3096 1399 3180; x_wconf 77' lang='grc' dir='ltr'><em>πελάγεσσι</em></span> <span class='ocrx_word' id='word_1_207' title='bbox 1424 3095 1594 3181; x_wconf 80' lang='grc' dir='ltr'><em>κάθηνται</em></span> 
     </span>
     <span class='ocr_line' id='line_1_26' title="bbox 299 3205 1593 3292; baseline 0.004 -27"><span class='ocrx_word' id='word_1_208' title='bbox 299 3205 440 3266; x_wconf 89' lang='lat' dir='ltr'><strong>imitatus</strong></span> <span class='ocrx_word' id='word_1_209' title='bbox 465 3213 513 3266; x_wconf 90' lang='lat' dir='ltr'><strong>est</strong></span> <span class='ocrx_word' id='word_1_210' title='bbox 536 3225 580 3270; x_wconf 88' lang='lat' dir='ltr'><strong>vs.</strong></span> <span class='ocrx_word' id='word_1_211' title='bbox 615 3207 674 3286; x_wconf 87' lang='lat'><strong>76:</strong></span> <span class='ocrx_word' id='word_1_212' title='bbox 705 3211 828 3282; x_wconf 77' lang='grc' dir='ltr'><em>πολλᾶς</em></span> <span class='ocrx_word' id='word_1_213' title='bbox 851 3208 884 3272; x_wconf 79' lang='grc' dir='ltr'><strong>δὲ</strong></span> <span class='ocrx_word' id='word_1_214' title='bbox 916 3209 1043 3292; x_wconf 86' lang='grc' dir='ltr'><em>κρατέει</em></span> <span class='ocrx_word' id='word_1_215' title='bbox 1067 3209 1169 3292; x_wconf 78' lang='grc' dir='ltr'><em>γαίας,</em></span> <span class='ocrx_word' id='word_1_216' title='bbox 1201 3210 1325 3282; x_wconf 78' lang='grc' dir='ltr'><em>πολλᾶς</em></span> <span class='ocrx_word' id='word_1_217' title='bbox 1354 3207 1387 3271; x_wconf 70' lang='lat' dir='ltr'><strong>dh</strong></span> <span class='ocrx_word' id='word_1_218' title='bbox 1411 3206 1593 3282; x_wconf 77' lang='grc' dir='ltr'><em>θαλάσσας,</em></span> 
     </span>
     <span class='ocr_line' id='line_1_27' title="bbox 298 3314 1594 3400; baseline 0.003 -24"><span class='ocrx_word' id='word_1_219' title='bbox 298 3314 415 3376; x_wconf 89' lang='lat' dir='ltr'><strong>deinde</strong></span> <span class='ocrx_word' id='word_1_220' title='bbox 438 3314 550 3376; x_wconf 88' lang='lat' dir='ltr'><strong>latiore</strong></span> <span class='ocrx_word' id='word_1_221' title='bbox 573 3325 705 3398; x_wconf 80' lang='lat' dir='ltr'><strong>pectore</strong></span> <span class='ocrx_word' id='word_1_222' title='bbox 721 3319 883 3400; x_wconf 87' lang='lat' dir='ltr'><strong>suspirans</strong></span> <span class='ocrx_word' id='word_1_223' title='bbox 901 3340 956 3381; x_wconf 89' lang='lat' dir='ltr'><strong>eas</strong></span> <span class='ocrx_word' id='word_1_224' title='bbox 973 3327 1072 3380; x_wconf 90' lang='lat' dir='ltr'><strong>terras</strong></span> <span class='ocrx_word' id='word_1_225' title='bbox 1090 3329 1122 3381; x_wconf 92' lang='lat' dir='ltr'><strong>et</strong></span> <span class='ocrx_word' id='word_1_226' title='bbox 1136 3319 1263 3393; x_wconf 72' lang='lat' dir='ltr'><strong>insulas</strong></span> <span class='ocrx_word' id='word_1_227' title='bbox 1280 3339 1364 3399; x_wconf 91' lang='lat' dir='ltr'><strong>quae</strong></span> <span class='ocrx_word' id='word_1_228' title='bbox 1390 3318 1594 3400; x_wconf 89' lang='lat' dir='ltr'><strong>Philadelphi</strong></span> 
     </span>
    </p>
   </div>
   <div class='ocr_carea' id='block_1_3' title="bbox 298 3491 1596 4764">
    <p class='ocr_par' dir='ltr' id='par_1_6' title="bbox 298 3491 1596 4393">
     <span class='ocr_line' id='line_1_28' title="bbox 406 3491 1596 3564; baseline 0.004 -22"><span class='ocrx_word' id='word_1_229' title='bbox 406 3491 425 3562; x_wconf 89' lang='lat'><strong>¹)</strong></span> <span class='ocrx_word' id='word_1_230' title='bbox 447 3494 578 3558; x_wconf 85' lang='lat' dir='ltr'><strong>Droysenii</strong></span> <span class='ocrx_word' id='word_1_231' title='bbox 603 3495 634 3543; x_wconf 91' lang='lat' dir='ltr'><strong>de</strong></span> <span class='ocrx_word' id='word_1_232' title='bbox 660 3496 709 3544; x_wconf 88' lang='lat' dir='ltr'><strong>hoc</strong></span> <span class='ocrx_word' id='word_1_233' title='bbox 734 3497 828 3560; x_wconf 90' lang='lat' dir='ltr'><strong>hymno</strong></span> <span class='ocrx_word' id='word_1_234' title='bbox 854 3499 1000 3562; x_wconf 88' lang='lat' dir='ltr'><strong>opinionem</strong></span> <span class='ocrx_word' id='word_1_235' title='bbox 1027 3506 1126 3547; x_wconf 87' lang='lat' dir='ltr'><strong>secutus</strong></span> <span class='ocrx_word' id='word_1_236' title='bbox 1145 3506 1181 3548; x_wconf 88' lang='lat' dir='ltr'><strong>est</strong></span> <span class='ocrx_word' id='word_1_237' title='bbox 1200 3497 1288 3548; x_wconf 88' lang='lat' dir='ltr'><strong>Couat.</strong></span> <span class='ocrx_word' id='word_1_238' title='bbox 1308 3514 1408 3562; x_wconf 91' lang='lat' dir='ltr'><strong>quoque</strong></span> <span class='ocrx_word' id='word_1_239' title='bbox 1427 3496 1596 3564; x_wconf 87' lang='lat' dir='ltr'><strong>(Remarques</strong></span> 
     </span>
     <span class='ocr_line' id='line_1_29' title="bbox 299 3587 1592 3654; baseline 0.002 -18"><span class='ocrx_word' id='word_1_240' title='bbox 299 3602 340 3636; x_wconf 90' lang='lat' dir='ltr'><strong>sur</strong></span> <span class='ocrx_word' id='word_1_241' title='bbox 357 3592 382 3636; x_wconf 85' lang='lat' dir='ltr'><strong>la</strong></span> <span class='ocrx_word' id='word_1_242' title='bbox 401 3588 458 3636; x_wconf 89' lang='lat' dir='ltr'><strong>date</strong></span> <span class='ocrx_word' id='word_1_243' title='bbox 478 3587 543 3653; x_wconf 83' lang='lat' dir='ltr'><strong>etc).</strong></span> <span class='ocrx_word' id='word_1_244' title='bbox 582 3589 710 3652; x_wconf 91' lang='lat' dir='ltr'><strong>Hymnnm</strong></span> <span class='ocrx_word' id='word_1_245' title='bbox 736 3589 903 3654; x_wconf 89' lang='lat' dir='ltr'><strong>compositum</strong></span> <span class='ocrx_word' id='word_1_246' title='bbox 933 3606 986 3639; x_wconf 90' lang='lat' dir='ltr'><strong>esse</strong></span> <span class='ocrx_word' id='word_1_247' title='bbox 1005 3599 1088 3640; x_wconf 89' lang='lat' dir='ltr'><strong>censet</strong></span> <span class='ocrx_word' id='word_1_248' title='bbox 1106 3591 1168 3640; x_wconf 89' lang='lat' dir='ltr'><strong>inter</strong></span> <span class='ocrx_word' id='word_1_249' title='bbox 1187 3607 1266 3640; x_wconf 84' lang='lat' dir='ltr'><strong>annos</strong></span> <span class='ocrx_word' id='word_1_250' title='bbox 1286 3589 1344 3639; x_wconf 90' lang='lat'>280.</span> <span class='ocrx_word' id='word_1_251' title='bbox 1364 3601 1388 3640; x_wconf 87' lang='lat' dir='ltr'><strong>et</strong></span> <span class='ocrx_word' id='word_1_252' title='bbox 1409 3601 1466 3652; x_wconf 88' lang='lat'><strong>275.</strong></span> <span class='ocrx_word' id='word_1_253' title='bbox 1487 3608 1509 3639; x_wconf 86' lang='lat' dir='ltr'><strong>a.</strong></span> <span class='ocrx_word' id='word_1_254' title='bbox 1531 3589 1592 3639; x_wconf 88' lang='lat' dir='ltr'><strong>Chr.</strong></span> 
     </span>
     <span class='ocr_line' id='line_1_30' title="bbox 299 3681 1595 3748; baseline 0.003 -20"><span class='ocrx_word' id='word_1_255' title='bbox 299 3696 324 3728; x_wconf 93' lang='lat' dir='ltr'><strong>n.</strong></span> <span class='ocrx_word' id='word_1_256' title='bbox 345 3701 370 3748; x_wconf 86' lang='lat' dir='ltr'><strong>p.</strong></span> <span class='ocrx_word' id='word_1_257' title='bbox 395 3694 436 3741; x_wconf 86' lang='lat'><strong>14:</strong></span> <span class='ocrx_word' id='word_1_258' title='bbox 465 3681 619 3730; x_wconf 75' lang='lat' dir='ltr'><strong>»L&#39;allusion</strong></span> <span class='ocrx_word' id='word_1_259' title='bbox 637 3697 668 3730; x_wconf 90' lang='lat' dir='ltr'><strong>au</strong></span> <span class='ocrx_word' id='word_1_260' title='bbox 688 3689 790 3746; x_wconf 83' lang='lat' dir='ltr'><strong>partage</strong></span> <span class='ocrx_word' id='word_1_261' title='bbox 809 3683 842 3730; x_wconf 90' lang='lat' dir='ltr'><strong>du</strong></span> <span class='ocrx_word' id='word_1_262' title='bbox 862 3682 956 3731; x_wconf 89' lang='lat' dir='ltr'><strong>monde</strong></span> <span class='ocrx_word' id='word_1_263' title='bbox 975 3691 1043 3732; x_wconf 89' lang='lat' dir='ltr'><strong>entre</strong></span> <span class='ocrx_word' id='word_1_264' title='bbox 1061 3684 1097 3732; x_wconf 91' lang='lat' dir='ltr'><strong>les</strong></span> <span class='ocrx_word' id='word_1_265' title='bbox 1117 3683 1156 3731; x_wconf 88' lang='lat' dir='ltr'><strong>fils</strong></span> <span class='ocrx_word' id='word_1_266' title='bbox 1176 3684 1207 3732; x_wconf 91' lang='lat' dir='ltr'><strong>de</strong></span> <span class='ocrx_word' id='word_1_267' title='bbox 1226 3683 1333 3742; x_wconf 86' lang='lat' dir='ltr'><strong>Kronos,</strong></span> <span class='ocrx_word' id='word_1_268' title='bbox 1353 3681 1414 3732; x_wconf 89' lang='lat' dir='ltr'><strong>dont</strong></span> <span class='ocrx_word' id='word_1_269' title='bbox 1433 3700 1496 3732; x_wconf 91' lang='lat' dir='ltr'><strong>nous</strong></span> <span class='ocrx_word' id='word_1_270' title='bbox 1514 3699 1595 3732; x_wconf 84' lang='lat' dir='ltr'><strong>avons</strong></span> 
     </span>
     <span class='ocr_line' id='line_1_31' title="bbox 298 3769 1595 3841; baseline 0.001 -17"><span class='ocrx_word' id='word_1_271' title='bbox 298 3776 375 3841; x_wconf 73' lang='lat' dir='ltr'><strong>parlt,</strong></span> <span class='ocrx_word' id='word_1_272' title='bbox 395 3774 479 3823; x_wconf 89' lang='lat' dir='ltr'><strong>donne</strong></span> <span class='ocrx_word' id='word_1_273' title='bbox 500 3771 514 3822; x_wconf 77' lang='lat' dir='ltr'><strong>h</strong></span> <span class='ocrx_word' id='word_1_274' title='bbox 534 3789 621 3838; x_wconf 89' lang='lat' dir='ltr'><strong>penser</strong></span> <span class='ocrx_word' id='word_1_275' title='bbox 640 3789 689 3836; x_wconf 92' lang='lat' dir='ltr'><strong>que</strong></span> <span class='ocrx_word' id='word_1_276' title='bbox 707 3773 731 3821; x_wconf 96' lang='lat' dir='ltr'><strong>le</strong></span> <span class='ocrx_word' id='word_1_277' title='bbox 749 3769 823 3838; x_wconf 67' lang='lat' dir='ltr'><strong>poete</strong></span> <span class='ocrx_word' id='word_1_278' title='bbox 842 3774 947 3822; x_wconf 75' lang='lat' dir='ltr'><strong>l&#39;ecrivit</strong></span> <span class='ocrx_word' id='word_1_279' title='bbox 965 3775 1086 3839; x_wconf 89' lang='lat' dir='ltr'><strong>quelques</strong></span> <span class='ocrx_word' id='word_1_280' title='bbox 1105 3776 1198 3824; x_wconf 72' lang='lat' dir='ltr'><strong>anntes</strong></span> <span class='ocrx_word' id='word_1_281' title='bbox 1215 3776 1354 3824; x_wconf 86' lang='lat' dir='ltr'><strong>seulement</strong></span> <span class='ocrx_word' id='word_1_282' title='bbox 1367 3771 1439 3840; x_wconf 64' lang='lat' dir='ltr'><strong>aprhs</strong></span> <span class='ocrx_word' id='word_1_283' title='bbox 1451 3777 1476 3824; x_wconf 88' lang='lat' dir='ltr'><strong>la</strong></span> <span class='ocrx_word' id='word_1_284' title='bbox 1491 3776 1595 3825; x_wconf 89' lang='lat' dir='ltr'><strong>victoire</strong></span> 
     </span>
     <span class='ocr_line' id='line_1_32' title="bbox 298 3861 1593 3932; baseline 0.001 -17"><span class='ocrx_word' id='word_1_285' title='bbox 298 3862 422 3931; x_wconf 65' lang='lat' dir='ltr'><strong>complete</strong></span> <span class='ocrx_word' id='word_1_286' title='bbox 441 3866 472 3914; x_wconf 90' lang='lat' dir='ltr'><strong>de</strong></span> <span class='ocrx_word' id='word_1_287' title='bbox 490 3865 655 3930; x_wconf 86' lang='lat' dir='ltr'><strong>Philadelphe</strong></span> <span class='ocrx_word' id='word_1_288' title='bbox 681 3881 721 3913; x_wconf 94' lang='lat' dir='ltr'><strong>sur</strong></span> <span class='ocrx_word' id='word_1_289' title='bbox 740 3881 781 3914; x_wconf 89' lang='lat' dir='ltr'><strong>ses</strong></span> <span class='ocrx_word' id='word_1_290' title='bbox 804 3861 892 3927; x_wconf 70' lang='lat' dir='ltr'><strong>frhres,</strong></span> <span class='ocrx_word' id='word_1_291' title='bbox 921 3869 993 3931; x_wconf 77' lang='lat' dir='ltr'><strong>apres</strong></span> <span class='ocrx_word' id='word_1_292' title='bbox 1023 3866 1081 3916; x_wconf 84' lang='lat'><strong>280.</strong></span> <span class='ocrx_word' id='word_1_293' title='bbox 1119 3868 1195 3916; x_wconf 85' lang='lat' dir='ltr'><strong>Enfin</strong></span> <span class='ocrx_word' id='word_1_294' title='bbox 1218 3868 1241 3917; x_wconf 93' lang='lat' dir='ltr'><strong>le</strong></span> <span class='ocrx_word' id='word_1_295' title='bbox 1260 3868 1351 3916; x_wconf 90' lang='lat' dir='ltr'><strong>silence</strong></span> <span class='ocrx_word' id='word_1_296' title='bbox 1369 3868 1401 3916; x_wconf 88' lang='lat' dir='ltr'><strong>de</strong></span> <span class='ocrx_word' id='word_1_297' title='bbox 1419 3868 1530 3932; x_wconf 90' lang='lat' dir='ltr'><strong>l&#39;hymne</strong></span> <span class='ocrx_word' id='word_1_298' title='bbox 1549 3883 1593 3918; x_wconf 86' lang='lat' dir='ltr'><strong>sur</strong></span> 
     </span>
     <span class='ocr_line' id='line_1_33' title="bbox 298 3953 1592 4025; baseline 0.002 -17"><span class='ocrx_word' id='word_1_299' title='bbox 298 3969 354 4008; x_wconf 88' lang='lat' dir='ltr'><strong>tous</strong></span> <span class='ocrx_word' id='word_1_300' title='bbox 383 3959 419 4006; x_wconf 90' lang='lat' dir='ltr'><strong>les</strong></span> <span class='ocrx_word' id='word_1_301' title='bbox 452 3968 533 4007; x_wconf 81' lang='lat' dir='ltr'><strong>autres</strong></span> <span class='ocrx_word' id='word_1_302' title='bbox 558 3953 726 4024; x_wconf 63' lang='lat' dir='ltr'><strong>&amp;venementsl</strong></span> <span class='ocrx_word' id='word_1_303' title='bbox 750 3958 784 4007; x_wconf 91' lang='lat' dir='ltr'><strong>du</strong></span> <span class='ocrx_word' id='word_1_304' title='bbox 817 3975 893 4022; x_wconf 86' lang='lat' dir='ltr'><strong>regne</strong></span> <span class='ocrx_word' id='word_1_305' title='bbox 920 3956 978 4025; x_wconf 91' lang='lat' dir='ltr'><strong>(hoc</strong></span> <span class='ocrx_word' id='word_1_306' title='bbox 1006 3975 1056 4008; x_wconf 93' lang='lat' dir='ltr'><strong>non</strong></span> <span class='ocrx_word' id='word_1_307' title='bbox 1080 3969 1145 4008; x_wconf 90' lang='lat' dir='ltr'><strong>recte</strong></span> <span class='ocrx_word' id='word_1_308' title='bbox 1164 3960 1310 4025; x_wconf 77' lang='lat' dir='ltr'><strong>disputavit.</strong></span> <span class='ocrx_word' id='word_1_309' title='bbox 1339 3976 1398 4008; x_wconf 89' lang='lat' dir='ltr'><strong>nam</strong></span> <span class='ocrx_word' id='word_1_310' title='bbox 1416 3976 1464 4010; x_wconf 89' lang='lat' dir='ltr'><strong>vss.</strong></span> <span class='ocrx_word' id='word_1_311' title='bbox 1484 3959 1527 4022; x_wconf 86' lang='lat'><strong>89.</strong></span> <span class='ocrx_word' id='word_1_312' title='bbox 1547 3973 1592 4023; x_wconf 88' lang='lat'><strong>90.</strong></span> 
     </span>
     <span class='ocr_line' id='line_1_34' title="bbox 299 4049 1594 4119; baseline 0.004 -21"><span class='ocrx_word' id='word_1_313' title='bbox 299 4050 494 4114; x_wconf 89' lang='lat' dir='ltr'><strong>Philadelphum</strong></span> <span class='ocrx_word' id='word_1_314' title='bbox 513 4050 572 4098; x_wconf 90' lang='lat' dir='ltr'><strong>love</strong></span> <span class='ocrx_word' id='word_1_315' title='bbox 585 4049 683 4099; x_wconf 85' lang='lat' dir='ltr'><strong>favente</strong></span> <span class='ocrx_word' id='word_1_316' title='bbox 695 4051 803 4114; x_wconf 89' lang='lat' dir='ltr'><strong>reliquos</strong></span> <span class='ocrx_word' id='word_1_317' title='bbox 820 4067 891 4116; x_wconf 86' lang='lat' dir='ltr'><strong>reges</strong></span> <span class='ocrx_word' id='word_1_318' title='bbox 903 4052 953 4100; x_wconf 90' lang='lat' dir='ltr'><strong>iam</strong></span> <span class='ocrx_word' id='word_1_319' title='bbox 972 4052 1060 4101; x_wconf 79' lang='lat' dir='ltr'><strong>vicisse</strong></span> <span class='ocrx_word' id='word_1_320' title='bbox 1079 4060 1142 4102; x_wconf 87' lang='lat' dir='ltr'><strong>tecte</strong></span> <span class='ocrx_word' id='word_1_321' title='bbox 1161 4051 1318 4119; x_wconf 77' lang='lat' dir='ltr'><strong>designanti)</strong></span> <span class='ocrx_word' id='word_1_322' title='bbox 1336 4096 1412 4107; x_wconf 84' lang='grc'><strong>,,,,,</strong></span> <span class='ocrx_word' id='word_1_323' title='bbox 1431 4069 1524 4118; x_wconf 91' lang='lat' dir='ltr'><strong>prouve</strong></span> <span class='ocrx_word' id='word_1_324' title='bbox 1543 4071 1594 4118; x_wconf 89' lang='lat' dir='ltr'><strong>que</strong></span> 
     </span>
     <span class='ocr_line' id='line_1_35' title="bbox 299 4140 1594 4210; baseline 0.003 -20"><span class='ocrx_word' id='word_1_325' title='bbox 299 4158 363 4192; x_wconf 91' lang='lat' dir='ltr'><strong>nous</strong></span> <span class='ocrx_word' id='word_1_326' title='bbox 387 4143 482 4191; x_wconf 90' lang='lat' dir='ltr'><strong>devons</strong></span> <span class='ocrx_word' id='word_1_327' title='bbox 506 4141 628 4191; x_wconf 87' lang='lat' dir='ltr'><strong>ensermer</strong></span> <span class='ocrx_word' id='word_1_328' title='bbox 652 4151 719 4191; x_wconf 89' lang='lat' dir='ltr'><strong>entre</strong></span> <span class='ocrx_word' id='word_1_329' title='bbox 743 4143 779 4191; x_wconf 89' lang='lat' dir='ltr'><strong>les</strong></span> <span class='ocrx_word' id='word_1_330' title='bbox 804 4144 897 4192; x_wconf 68' lang='lat' dir='ltr'><strong>unnees</strong></span> <span class='ocrx_word' id='word_1_331' title='bbox 923 4142 974 4191; x_wconf 86' lang='lat'><strong>280</strong></span> <span class='ocrx_word' id='word_1_332' title='bbox 993 4152 1017 4191; x_wconf 87' lang='lat' dir='ltr'><strong>ct</strong></span> <span class='ocrx_word' id='word_1_333' title='bbox 1036 4155 1085 4208; x_wconf 79' lang='lat'><strong>273</strong></span> <span class='ocrx_word' id='word_1_334' title='bbox 1115 4145 1229 4206; x_wconf 82' lang='lat' dir='ltr'><strong>environ,</strong></span> <span class='ocrx_word' id='word_1_335' title='bbox 1250 4140 1307 4193; x_wconf 73' lang='lat' dir='ltr'><strong>tu</strong></span> <span class='ocrx_word' id='word_1_336' title='bbox 1326 4144 1360 4192; x_wconf 89' lang='lat' dir='ltr'><strong>lin</strong></span> <span class='ocrx_word' id='word_1_337' title='bbox 1379 4145 1411 4193; x_wconf 90' lang='lat' dir='ltr'><strong>de</strong></span> <span class='ocrx_word' id='word_1_338' title='bbox 1428 4144 1594 4210; x_wconf 86' lang='lat' dir='ltr'><strong>l&#39;olympiade</strong></span> 
     </span>
     <span class='ocr_line' id='line_1_36' title="bbox 299 4233 1594 4302; baseline 0.002 -19"><span class='ocrx_word' id='word_1_339' title='bbox 299 4234 414 4296; x_wconf 66' lang='lat' dir='ltr'><strong>CXXVe,</strong></span> <span class='ocrx_word' id='word_1_340' title='bbox 432 4234 457 4283; x_wconf 88' lang='lat' dir='ltr'><strong>la</strong></span> <span class='ocrx_word' id='word_1_341' title='bbox 476 4234 533 4282; x_wconf 88' lang='lat' dir='ltr'><strong>date</strong></span> <span class='ocrx_word' id='word_1_342' title='bbox 554 4235 699 4283; x_wconf 77' lang='lat' dir='ltr'><strong>cherchee«.</strong></span> <span class='ocrx_word' id='word_1_343' title='bbox 720 4233 823 4283; x_wconf 86' lang='lat' dir='ltr'><strong>Poetam</strong></span> <span class='ocrx_word' id='word_1_344' title='bbox 842 4237 963 4299; x_wconf 89' lang='lat' dir='ltr'><strong>hymnum</strong></span> <span class='ocrx_word' id='word_1_345' title='bbox 985 4253 1029 4285; x_wconf 83' lang='lat' dir='ltr'><strong>sna</strong></span> <span class='ocrx_word' id='word_1_346' title='bbox 1048 4245 1149 4301; x_wconf 85' lang='lat' dir='ltr'><strong>sponte,</strong></span> <span class='ocrx_word' id='word_1_347' title='bbox 1169 4252 1219 4285; x_wconf 93' lang='lat' dir='ltr'><strong>non</strong></span> <span class='ocrx_word' id='word_1_348' title='bbox 1239 4238 1304 4301; x_wconf 85' lang='lat' dir='ltr'><strong>regis</strong></span> <span class='ocrx_word' id='word_1_349' title='bbox 1322 4238 1400 4296; x_wconf 85' lang='lat' dir='ltr'><strong>iussu,</strong></span> <span class='ocrx_word' id='word_1_350' title='bbox 1421 4239 1594 4302; x_wconf 89' lang='lat' dir='ltr'><strong>composuisse</strong></span> 
     </span>
     <span class='ocr_line' id='line_1_37' title="bbox 299 4327 1266 4393; baseline 0.002 -18"><span class='ocrx_word' id='word_1_351' title='bbox 299 4334 323 4375; x_wconf 89' lang='lat' dir='ltr'><strong>et</strong></span> <span class='ocrx_word' id='word_1_352' title='bbox 342 4338 473 4391; x_wconf 83' lang='lat' dir='ltr'><strong>poetarum</strong></span> <span class='ocrx_word' id='word_1_353' title='bbox 493 4327 627 4376; x_wconf 89' lang='lat' dir='ltr'><strong>certamine</strong></span> <span class='ocrx_word' id='word_1_354' title='bbox 644 4327 747 4392; x_wconf 91' lang='lat' dir='ltr'><strong>publico</strong></span> <span class='ocrx_word' id='word_1_355' title='bbox 766 4327 901 4376; x_wconf 85' lang='lat' dir='ltr'><strong>constituto</strong></span> <span class='ocrx_word' id='word_1_356' title='bbox 920 4328 1036 4376; x_wconf 86' lang='lat' dir='ltr'><strong>recitasse</strong></span> <span class='ocrx_word' id='word_1_357' title='bbox 1055 4329 1161 4378; x_wconf 89' lang='lat' dir='ltr'><strong>coniecit</strong></span> <span class='ocrx_word' id='word_1_358' title='bbox 1179 4345 1204 4393; x_wconf 90' lang='lat' dir='ltr'><strong>p.</strong></span> <span class='ocrx_word' id='word_1_359' title='bbox 1228 4340 1266 4392; x_wconf 83' lang='lat'><strong>15.</strong></span> 
     </span>
    </p>

    <p class='ocr_par' dir='ltr' id='par_1_7' title="bbox 408 4415 1593 4487">
     <span class='ocr_line' id='line_1_38' title="bbox 408 4415 1593 4487; baseline 0.004 -20"><span class='ocrx_word' id='word_1_360' title='bbox 408 4416 427 4486; x_wconf 84' lang='lat'><strong>²)</strong></span> <span class='ocrx_word' id='word_1_361' title='bbox 448 4419 487 4469; x_wconf 89' lang='lat' dir='ltr'><strong>De</strong></span> <span class='ocrx_word' id='word_1_362' title='bbox 498 4436 560 4469; x_wconf 90' lang='lat' dir='ltr'><strong>voce</strong></span> <span class='ocrx_word' id='word_1_363' title='bbox 574 4415 662 4485; x_wconf 74' lang='grc' dir='ltr'><em>σωτήρ</em></span> <span class='ocrx_word' id='word_1_364' title='bbox 672 4418 702 4468; x_wconf 84' lang='lat' dir='ltr'><strong>cf.</strong></span> <span class='ocrx_word' id='word_1_365' title='bbox 714 4419 859 4468; x_wconf 86' lang='lat' dir='ltr'><strong>Drumann:</strong></span> <span class='ocrx_word' id='word_1_366' title='bbox 872 4420 988 4470; x_wconf 83' lang='lat' dir='ltr'><strong>lnschrift</strong></span> <span class='ocrx_word' id='word_1_367' title='bbox 995 4436 1045 4469; x_wconf 88' lang='lat' dir='ltr'><strong>von</strong></span> <span class='ocrx_word' id='word_1_368' title='bbox 1052 4421 1162 4470; x_wconf 88' lang='lat' dir='ltr'><strong>Rosette.</strong></span> <span class='ocrx_word' id='word_1_369' title='bbox 1174 4421 1342 4487; x_wconf 68' lang='lat' dir='ltr'><strong>litinigsberg.</strong></span> <span class='ocrx_word' id='word_1_370' title='bbox 1358 4420 1433 4484; x_wconf 84' lang='lat'><strong>1823.</strong></span> <span class='ocrx_word' id='word_1_371' title='bbox 1445 4437 1469 4487; x_wconf 91' lang='lat' dir='ltr'><strong>p.</strong></span> <span class='ocrx_word' id='word_1_372' title='bbox 1484 4431 1524 4483; x_wconf 87' lang='lat'><strong>74.</strong></span> <span class='ocrx_word' id='word_1_373' title='bbox 1539 4425 1593 4487; x_wconf 88' lang='lat' dir='ltr'><strong>s&#39;eq.</strong></span> 
     </span>
    </p>

    <p class='ocr_par' dir='ltr' id='par_1_8' title="bbox 299 4507 1591 4673">
     <span class='ocr_line' id='line_1_39' title="bbox 407 4507 1591 4584; baseline 0.005 -24"><span class='ocrx_word' id='word_1_374' title='bbox 407 4509 427 4578; x_wconf 79' lang='lat'><strong>³)</strong></span> <span class='ocrx_word' id='word_1_375' title='bbox 446 4513 522 4561; x_wconf 79' lang='lat' dir='ltr'><strong>Paus</strong></span> <span class='ocrx_word' id='word_1_376' title='bbox 542 4513 572 4562; x_wconf 90' lang='lat' dir='ltr'><strong>X.</strong></span> <span class='ocrx_word' id='word_1_377' title='bbox 594 4524 658 4574; x_wconf 78' lang='lat'>7,3:</span> <span class='ocrx_word' id='word_1_378' title='bbox 687 4511 807 4580; x_wconf 70' lang='grc' dir='ltr'><em>ἔχαιρον</em></span> <span class='ocrx_word' id='word_1_379' title='bbox 834 4507 890 4579; x_wconf 82' lang='grc' dir='ltr'><strong>γάρ</strong></span> <span class='ocrx_word' id='word_1_380' title='bbox 912 4507 944 4576; x_wconf 71' lang='lat' dir='ltr'><strong>di)</strong></span> <span class='ocrx_word' id='word_1_381' title='bbox 965 4508 1132 4576; x_wconf 72' lang='grc' dir='ltr'><em>Μακήάονες</em></span> <span class='ocrx_word' id='word_1_382' title='bbox 1150 4515 1179 4564; x_wconf 82' lang='grc' dir='ltr'><strong>οἱ</strong></span> <span class='ocrx_word' id='word_1_383' title='bbox 1200 4513 1229 4564; x_wconf 75' lang='grc' dir='ltr'><strong>ἓν</strong></span> <span class='ocrx_word' id='word_1_384' title='bbox 1259 4509 1394 4582; x_wconf 70' lang='grc' dir='ltr'><em>Αἰγύπτῳ</em></span> <span class='ocrx_word' id='word_1_385' title='bbox 1422 4509 1591 4584; x_wconf 70' lang='grc' dir='ltr'><em>καλούμενοι</em></span> 
     </span>
     <span class='ocr_line' id='line_1_40' title="bbox 299 4599 1299 4673; baseline 0.003 -20"><span class='ocrx_word' id='word_1_386' title='bbox 299 4605 434 4670; x_wconf 75' lang='grc' dir='ltr'><em>βασιλεῖς,</em></span> <span class='ocrx_word' id='word_1_387' title='bbox 456 4599 585 4671; x_wconf 80' lang='grc' dir='ltr'><em>καθάπερ</em></span> <span class='ocrx_word' id='word_1_388' title='bbox 606 4623 638 4672; x_wconf 76' lang='grc' dir='ltr'><strong>γε</strong></span> <span class='ocrx_word' id='word_1_389' title='bbox 658 4599 734 4667; x_wconf 73' lang='grc' dir='ltr'><em>ἦσαν.</em></span> <span class='ocrx_word' id='word_1_390' title='bbox 773 4605 916 4657; x_wconf 87' lang='lat' dir='ltr'><strong>Drumaun:</strong></span> <span class='ocrx_word' id='word_1_391' title='bbox 937 4606 1031 4656; x_wconf 83' lang='lat' dir='ltr'><strong>Inschr.</strong></span> <span class='ocrx_word' id='word_1_392' title='bbox 1051 4623 1074 4655; x_wconf 87' lang='lat' dir='ltr'><strong>v.</strong></span> <span class='ocrx_word' id='word_1_393' title='bbox 1094 4607 1195 4657; x_wconf 86' lang='lat' dir='ltr'><strong>Rosette</strong></span> <span class='ocrx_word' id='word_1_394' title='bbox 1213 4625 1237 4673; x_wconf 91' lang='lat' dir='ltr'><strong>p.</strong></span> <span class='ocrx_word' id='word_1_395' title='bbox 1259 4619 1299 4669; x_wconf 84' lang='lat'><strong>72.</strong></span> 
     </span>
    </p>

    <p class='ocr_par' dir='ltr' id='par_1_9' title="bbox 406 4694 1200 4764">
     <span class='ocr_line' id='line_1_41' title="bbox 406 4694 1200 4764; baseline 0.005 -20"><span class='ocrx_word' id='word_1_396' title='bbox 406 4694 426 4764; x_wconf 82' lang='lat'><strong>⁴)</strong></span> <span class='ocrx_word' id='word_1_397' title='bbox 447 4697 484 4746; x_wconf 86' lang='lat' dir='ltr'><strong>Cl.</strong></span> <span class='ocrx_word' id='word_1_398' title='bbox 504 4713 569 4762; x_wconf 90' lang='lat' dir='ltr'><strong>quae</strong></span> <span class='ocrx_word' id='word_1_399' title='bbox 588 4699 620 4747; x_wconf 88' lang='lat' dir='ltr'><strong>de</strong></span> <span class='ocrx_word' id='word_1_400' title='bbox 639 4699 706 4747; x_wconf 88' lang='lat' dir='ltr'><strong>hisce</strong></span> <span class='ocrx_word' id='word_1_401' title='bbox 725 4698 859 4763; x_wconf 86' lang='lat' dir='ltr'><strong>disputavit</strong></span> <span class='ocrx_word' id='word_1_402' title='bbox 879 4699 999 4762; x_wconf 89' lang='lat' dir='ltr'><strong>Droysen.</strong></span> <span class='ocrx_word' id='word_1_403' title='bbox 1021 4699 1038 4747; x_wconf 87' lang='lat'><strong>1.</strong></span> <span class='ocrx_word' id='word_1_404' title='bbox 1060 4699 1076 4747; x_wconf 91' lang='lat' dir='ltr'><strong>l.</strong></span> <span class='ocrx_word' id='word_1_405' title='bbox 1097 4717 1121 4763; x_wconf 90' lang='lat' dir='ltr'><strong>p.</strong></span> <span class='ocrx_word' id='word_1_406' title='bbox 1143 4710 1200 4762; x_wconf 83' lang='lat'><strong>25⁰·</strong></span> 
     </span>
    </p>
   </div>
   <div class='ocr_carea' id='block_1_4' title="bbox 0 0 1761 5498">
    <p class='ocr_par' dir='ltr' id='par_1_10' title="bbox 0 0 1761 5498">
     <span class='ocr_line' id='line_1_42' title="bbox 0 0 1761 5498; baseline 0 0"><span class='ocrx_word' id='word_1_407' title='bbox 0 0 1761 5498; x_wconf 95' lang='lat' dir='ltr'><strong> </strong></span> 
     </span>
    </p>
   </div>
  </div>
 </body>
</html>
