3500 5498
663 517 874 600 A*

116 715 167 777 bis
191 715 329 796 praebet
352 713 518 796 Apollonii
540 714 660 776 Rhodii
685 735 872 795 cognomen
896 715 962 776 Ibis
985 712 1077 795 (Suid
1101 734 1124 776 s.
1151 734 1179 773 v.
1196 713 1345 794 Καλλίμ,
1365 759 1370 772 .
1388 759 1415 774 ..

114 822 184 888 ἔστι
201 824 234 888 δὲ
250 825 369 908 ποίημα
385 823 671 908 ἐπιτετηδευμένον
687 824 732 899 εἰς
748 821 912 905 ἀσάφειαν
928 824 981 888 καὶ
994 823 1167 905 λοιδορίαν,
1183 819 1228 897 είς
1241 844 1318 886 ,τινα
1330 812 1418 900 ”Irim

115 933 291 1018 γενόμενον
314 933 435 1018 ἐχθρὸν
452 933 674 1018 Καλλιμάχου.
715 933 761 997 Cf.
779 935 953 997 Weichert.
972 933 990 995 l.
1008 932 1027 999 l.
1046 934 1082 1018 ἕξ
1101 950 1145 995 11.
1169 935 1239 1017 ιν),
1263 931 1352 1018 quod
1368 931 1420 993 alii

114 1047 179 1108 alio
213 1047 313 1108 modo
343 1044 505 1126 explicare
536 1044 769 1128 studuerunt.¹)
817 1045 1034 1127 Aptissimam
1067 1042 1317 1125 explicationem
1347 1061 1420 1103 mea

115 1157 277 1218 sententia
301 1155 434 1238 protulit
456 1177 484 1216 v.
511 1155 541 1216 d.
567 1155 681 1228 Couat,
708 1157 762 1236 qui
786 1156 1024 1218 Callimachum
1047 1153 1121 1216 ideo
1138 1153 1350 1236 Apollonium
1373 1152 1420 1214 sic

114 1267 296 1349 appellasse
324 1277 443 1339 censet,
478 1267 567 1349 quod
598 1266 793 1348 Apollonius
824 1266 945 1328 multos
976 1265 1066 1328 locos
1095 1263 1327 1327 Callimacheos
1351 1262 1419 1324 imi·
1490 1349 1493 1354 Ι

114 1377 218 1439 tando
232 1374 257 1458 2)
282 1378 451 1460 expressit.
497 1377 667 1439 Praeterea
690 1377 844 1458 respicias
866 1375 1092 1438 Eratosthenis
1114 1392 1298 1454 cognomen
1321 1373 1420 1458 Βῆθα

115 1489 191 1550 ideo
217 1490 348 1562 datum,
386 1489 474 1569 quod
508 1489 556 1570 (ut
591 1486 758 1566 vulgarem
791 1505 913 1567 sequar
936 1486 1196 1570 explicationem)
1219 1485 1334 1548 nullius
1356 1484 1411 1546 lite

114 1620 223 1663 rarum
254 1600 379 1680 generis
409 1598 574 1680 princeps,
610 1606 667 1659 aut
697 1598 785 1678 quod
816 1596 1070 1659 studiosissimus
1099 1607 1166 1658 erat
1195 1596 1358 1658 literarum
1372 1596 1422 1678 ³),-

117 1710 286 1793 Apollonii
310 1707 614 1789 ScytobrachioniS,
652 1706 740 1788 quod
775 1707 892 1786 pannis
916 1707 1087 1789 purpureis
1118 1706 1259 1788 undique
1287 1706 1419 1785 conqui-

116 1822 188 1883 sitis
213 1839 314 1899 opera
334 1819 487 1881 condidit.
536 1819 679 1880 Maxime
695 1825 804 1882 autem
827 1817 971 1879 floruisse
987 1816 1050 1878 hoc
1065 1817 1296 1898 cognominum
1313 1835 1417 1896 genus
1468 1853 1473 1861 ·

116 1931 199 1993 haec
223 1939 392 2012 praeterea
414 1928 565 2008 exempla
589 1929 726 1993 docent:
752 1927 966 2009 Melesigenes
991 1961 1029 1972 -
1047 1926 1221 2002 Homerus,
1246 1926 1351 1990 Tisias
1375 1963 1417 1974 -

116 2039 336 2112 Stesichorus,
362 2040 561 2102 Aristoclees
586 2077 628 2086 —
652 2039 764 2100 Platon
788 2046 821 2099 et
844 2038 914 2099 sim.

225 2150 390 2212 Theocriti
414 2150 556 2212 carmina
578 2147 725 2210 bucolica
750 2148 877 2228 (quibus
900 2147 1040 2238 exellens
1057 2147 1164 2209 extitit
1181 2146 1226 2209 ita
1242 2147 1324 2230 utin
1340 2145 1415 2208 Plei-

114 2261 212 2322 adem
238 2261 447 2342 reciperetur)
473 2261 548 2321 vivo
574 2260 672 2321 etiam
696 2268 796 2339 poeta
820 2279 839 2320 a
863 2257 1082 2340 grammaticis
1098 2256 1326 2320 Alexandrinis
1350 2255 1412 2318 col·

113 2371 200 2433 lecta
224 2390 294 2431 esse
324 2369 425 2451 epigr.
456 2371 475 2433 l.
498 2390 543 2432 vs
580 2369 642 2432 ult:
674 2377 800 2452 μοῦσαν
823 2365 850 2433 δ’
874 2365 1008 2452 ὀθνείην
1040 2358 1143 2431 οὔτιν’
1172 2363 1416 2449 ἐφειλκνοοίμην

114 2479 325 2561 comprobari
359 2499 456 2559 supra
491 2479 620 2561 scripsi:
656 2500 694 2542 ea
728 2480 796 2542 sine
836 2479 935 2541 dubio
968 2485 1089 2540 recto
1125 2486 1244 2558 poetae
1286 2475 1417 2538 nomine

114 2592 270 2654 denotata
296 2599 401 2654 erant:
428 2611 492 2670 quo
517 2589 637 2653 sactum
662 2599 720 2663 est,
745 2599 780 2651 ut
803 2584 898 2651 codd.
921 2588 1062 2650 carmina
1084 2585 1281 2649 bucolica
1304 2587 1413 2648 omnia

112 2701 353 2763 Theocrito
376 2701 561 2764 adscribant
574 2721 682 2782 neque
698 2702 782 2763 inter
794 2699 1006 2761 Theocritum
1019 2705 1052 2760 et
1063 2695 1236 2758 Moschum
1249 2695 1414 2759 fluctuent

112 2813 285 2874 Praeterea
307 2820 417 2872 autern
447 2810 545 2892 vulgo
576 2811 770 2892 legebantur
796 2810 858 2872 alia
881 2809 1078 2872 Theocritea
1100 2808 1176 2890 (non
1201 2806 1274 2869 dico
1297 2805 1414 2869 bucoli-

112 2944 163 2996 ca,
188 2942 227 2985 ea
252 2922 336 2984 enim
361 2943 380 2982 a
402 2922 620 3001 grammaticis
644 2920 870 2983 Alexandrinis
894 2927 983 2981 recto
1005 2919 1136 2981 nomine
1159 2914 1324 2998 appellata
1348 2916 1413 2978 iam

113 3034 228 3116 erant),
262 3051 344 3112 quae
375 3033 406 3094 in
436 3032 660 3095 collectionem
691 3031 946 3093 Alexandrinam
978 3037 1110 3110 recepta
1146 3047 1211 3090 non
1236 3035 1344 3100 erant;
1377 3046 1416 3088 ea

111 3143 202 3222 vulg.
231 3142 486 3224 designabantur
510 3143 688 3226 Θεοκρίτου
703 3139 838 3224 Μόσχον
861 3141 958 3224 (quae
981 3138 1147 3220 inscriptio
1171 3137 1220 3199 bis
1245 3137 1413 3208 invenitur,

112 3253 155 3316 cf.
187 3252 325 3315 Ahrens
357 3254 424 3336 ed.;
454 3254 528 3334 epit.
555 3251 665 3314 Bionis
689 3247 709 3333 ἢ
732 3271 751 3311 a
774 3269 836 3312 sec.
863 3269 959 3310 manu
984 3247 1190 3331 superscript.
1216 3247 1338 3331 habet),
1363 3246 1414 3308 vel

115 3363 307 3446 Θεοκρίτου,
331 3363 381 3424 vel
404 3360 539 3445 Μόσχου
555 3359 647 3444 (haec
663 3379 766 3440 pauca
791 3359 928 3432 luerunt,
952 3359 991 3425 ci.
1017 3358 1150 3424 Anthol.
1175 3358 1240 3424 Pal.
1263 3357 1316 3422 IX.
1334 3373 1413 3434 440.

113 3475 156 3536 cs.
182 3471 333 3535 Fritzsch.
361 3472 401 3534 de
423 3482 510 3555 poet.
537 3470 590 3534 Gr.
624 3470 732 3535 bucol.
755 3489 787 3551 p.
814 3484 865 3549 27.
889 3469 1029 3536 Ahrens.
1056 3469 1105 3531 ed.
1130 3466 1193 3530 vol.
1218 3469 1254 3530 II.
1281 3490 1311 3550 p.
1338 3484 1413 3544 440.

114 3584 186 3664 ΙΙ.);
222 3603 288 3666 quo
323 3581 443 3644 iactum
474 3593 524 3646 est
551 3591 585 3644 ut
617 3600 692 3642 cum
723 3600 765 3642 ex
797 3599 863 3640 uno
886 3579 1064 3642 Theocrito
1087 3578 1224 3640 Moscho
1254 3577 1318 3640 duo
1351 3577 1414 3639 iarn

114 3694 190 3757 iacti
217 3701 325 3755 essent
348 3702 475 3774 poetae,
502 3702 536 3754 et
558 3689 712 3756 Moschus
736 3690 869 3772 quidam
894 3689 1123 3770 Syracusis
1147 3687 1352 3749 oriundus
1376 3687 1415 3748 in

229 3875 247 3946 ¹)
269 3877 307 3925 Cl.
328 3879 358 3925 A.
378 3877 466 3928 Conat.
485 3878 512 3944 la¹
529 3877 638 3942 querelle
656 3885 703 3926 etc.
723 3893 749 3940 p.
770 3887 811 3938 23.
831 3891 899 3940 seqq.
920 3891 940 3927 c.
961 3882 1023 3925 nott.

225 3967 246 4036 ²)
266 3969 355 4019 Couat.
373 3971 390 4018 l.
412 3971 429 4019 l.
450 3988 474 4036 p.
496 3980 528 4030 27
549 3986 614 4034 seq:
642 3969 730 4018 »Nous
748 3983 865 4034 pensons,
885 3967 1034 4033 cepeudant,
1055 3968 1115 4031 qu’il
1133 3983 1166 4016 ne
1185 3967 1239 4017 faut
1256 3981 1302 4030 pas
1321 3965 1381 4014 aller
1396 3965 1416 4014 si

114 4065 174 4125 lom,
196 4071 220 4112 et
239 4079 288 4127 que
305 4063 333 4123 si,
354 4063 423 4112 selon
444 4063 578 4126 l'analogie
591 4070 615 4112 et
627 4062 653 4110 la
670 4061 874 4120 vraisemblance,
892 4060 919 4109 la
931 4061 1039 4124 querelle
1050 4059 1167 4108 litteraire
1184 4059 1229 4109 des
1245 4057 1310 4106 deux
1330 4060 1417 4121 poetes

114 4157 232 4222 explique
257 4157 281 4204 le
306 4163 359 4204 mot
381 4154 413 4205 de
432 4153 604 4218 Callimaque,
633 4155 755 4204 celu-cia
783 4151 818 4202 dt
837 4152 901 4202 dans
918 4131 990 4200 l'Ibis
1008 4168 1106 4201 comme
1124 4151 1188 4200 dans
1206 4167 1244 4200 res
1264 4157 1346 4199 autres
1365 4147 1417 4212 epi-

114 4265 256 4314 gramma,
284 4248 416 4313 reprocher
434 4244 448 4296 ὲ
469 4247 617 4313 Apollonius
635 4247 658 4294 le
677 4246 740 4310 style
759 4244 791 4293 de
810 4259 856 4294 son
877 4249 982 4310 poeme,
1008 4245 1045 4293 les
1069 4245 1209 4294 imitations
1228 4249 1252 4292 et
1271 4242 1307 4292 les
1324 4241 1416 4290 larcins

115 4343 179 4392 dont
196 4342 215 4390 il
240 4341 321 4392 s'etait
342 4341 420 4389 rendu
446 4340 579 4405 coupable.
616 4337 666 4398 Or,
686 4336 757 4387 l’lbis
776 4337 836 4388 etait
859 4354 894 4387 un
920 4337 1005 4386 oiseau
1031 4337 1147 4387 cousacre
1165 4332 1181 4386 ὲ
1200 4337 1330 4396 Mercure‚
1350 4331 1415 4382 Dieu

114 4435 160 4484 des
178 4433 277 4482 voleurs
301 4477 396 4489 ,,,,,,
421 4431 545 4482 Ρεοτ-ὂῑτε
570 4431 665 4482 avait-il
690 4430 760 4479 imite
779 4430 811 4480 de
836 4425 952 4496 tres-pres
971 4430 995 4479 le
1020 4428 1114 4478 second
1131 4428 1192 4478 livre
1218 4428 1262 4476 des
1279 4427 1368 4486 Aitia,
1393 4433 1418 4474 et

113 4527 165 4591 pris
184 4522 200 4573 a
219 4524 377 4589 Callimaque
395 4526 527 4588 beaucoup
545 4525 577 4572 de
596 4523 688 4572 details
706 4523 740 4571 du
759 4539 856 4587 voyage
875 4523 920 4573 des
939 4524 1124 4588 Argonautas«.

221 4613 241 4685 ³)
261 4615 384 4666 indicavit
409 4617 522 4680 Parthey.
548 4615 566 4664 l.
586 4616 603 4664 l.
624 4635 650 4683 p.
673 4625 713 4679 53.
733 4632 759 4666 n.
785 4627 807 4665 1.
834 4617 877 4680 qui
896 4629 984 4666 vocem
1008 4615 1118 4679 Aegypt.
1145 4613 1236 4679 Bajeth
1255 4613 1271 4664 i.
1292 4627 1317 4677 q.
1338 4606 1418 4680 ψυχὴ

112 4711 161 4763 καὶ
184 4709 290 4778 καρδία
309 4718 437 4774 comparat
455 4717 480 4758 et
498 4709 546 4756 alia
564 4709 680 4774 exempla
700 4708 778 4758 affert.
