3500 5498
808 539 847 604 23

726 615 936 624 »σῇ-..-

185 734 264 797 daro
292 744 341 797 est
371 737 542 818 oppositus
571 736 621 798 vel
652 756 737 817 quae
760 738 841 800 ratio
864 737 1032 801 intercedit
1059 738 1140 821 inter
1164 740 1287 813 ambos,
1313 748 1348 803 ut
1370 760 1472 820 gram·

182 845 290 908 nratici
333 847 443 908 statim
484 845 664 908 carminum
700 847 960 930 inscriptionibus
993 847 1122 912 alterius
1157 859 1260 912 artem
1299 850 1472 916 abhorrere

180 956 222 1017 ab
244 955 373 1018 alterius
398 957 570 1038 designare
591 957 780 1020 debuerint?
811 957 876 1021 Cur
905 966 1073 1041 praeterea
1102 959 1198 1022 solius
1222 959 1386 1026 Theocriti
1408 981 1472 1025 car·

181 1067 276 1139 mina,
307 1087 506 1149 quamquam
541 1067 676 1130 aliorum
705 1089 834 1150 quoque
865 1069 1007 1132 carmina
1037 1079 1112 1133 sunt
1135 1069 1243 1152 lepida
1265 1080 1297 1134 et
1319 1079 1471 1146 venusta,

181 1179 384 1258 grammatici
408 1179 653 1260 appellaverunt
675 1178 839 1244 eldriilra?
863 1178 1039 1242 Contendit
1066 1187 1136 1242 tum
1159 1179 1318 1243 Christius
1340 1181 1472 1245 Pindari

180 1288 319 1370 epinicia
340 1286 407 1374 εἲδη
431 1290 449 1356 i.
475 1310 506 1371 q.
532 1290 673 1352 carmina
697 1288 860 1371 appellata
883 1309 954 1352 esse
969 1285 1014 1373 ¹):
1045 1289 1136 1352 cuius
1160 1289 1204 1352 rei
1227 1289 1348 1353 nullum
1369 1290 1473 1354 afferri

179 1407 290 1480 potest
321 1400 552 1464 testimonium.
602 1399 784 1463 invenimus
814 1420 842 1464 e.
871 1420 898 1466 c.
923 1397 990 1484 εἴδη
1014 1395 1094 1464 κατὰ
1118 1399 1234 1484 σχέσιν,
1257 1399 1324 1486 εἴδη
1345 1397 1470 1466 diioui
1510 1411 1512 1420 ’

180 1526 317 1592 στροφα,
340 1505 424 1584 εἶδος
446 1507 533 1574 κατὰ
554 1509 729 1588 δάκτυλον,
753 1504 835 1584 εἶδος
857 1508 1032 1594 τροχαϊκδν
1055 1517 1088 1572 et
1113 1511 1182 1572 sim.
1210 1509 1262 1595 (cs.
1282 1509 1425 1574 Christl
1451 1510 1470 1573 l.

178 1639 210 1700 p.
239 1632 287 1697 54.
311 1622 406 1702 seq.):
431 1621 490 1683 sed
513 1640 643 1703 semper
665 1639 731 1683 vox
754 1615 836 1695 εἶδος
857 1629 966 1684 servat
988 1621 1153 1702 speciei
1178 1622 1347 1684 notionem
1363 1641 1469 1703 neque

184 1729 281 1791 video
305 1750 420 1793 vocem
444 1725 527 1806 εἶδος
554 1730 686 1794 solam
715 1731 889 1812 positam
922 1750 1064 1812 unquam
1085 1732 1249 1813 accepisse
1273 1732 1471 1795 carminis

182 1841 356 1904 notionem.
402 1840 485 1926 Nam
508 1840 713 1923 Apollonius,
737 1841 778 1903 de
801 1862 868 1923 quo
891 1841 1040 1914 diximus,
1073 1840 1146 1904 ideo
1164 1853 1218 1905 est·
1234 1850 1371 1906 vocatus
1392 1839 1470 1908 εἰδο

178 1948 315 2034 γράφος,
338 1952 426 2033 quod
448 1950 576 2014 Pindari
609 1951 752 2013 carmina
775 1972 817 2014 ex
839 1953 915 2014 artis
939 1949 1079 2016 musicae
1101 1952 1287 2016 diversitate
1311 1953 1343 2014 in
1366 1952 1469 2018 varias

178 2061 302 2140 species
326 2060 500 2142 disposuit:
519 2062 584 2134 Et.
609 2061 661 2128 M:
691 2057 815 2145 εὐφυὴς
838 2053 887 2126 ὢν
908 2059 944 2126 ἐν
966 2071 1008 2146 τῆ
1031 2061 1225 2145 βιβλιοθήκῃ
1248 2060 1290 2127 tri
1313 2059 1380 2148 sitin
1402 2073 1470 2138 τοῖς

176 2167 291 2234 εἴδεσιν
323 2168 496 2254 ἐπένειμεν.
529 2168 589 2246 mc
616 2167 678 2255 γὰρ
708 2170 865 2246 δοκούσας
894 2178 962 2236 τῶν
992 2165 1087 2255 ᾠδῶν
1108 2169 1234 2256 Δώριον
1261 2171 1357 2255 μέλος
1386 2168 1470 2255 ἔχειν

175 2278 228 2344 ἐπὶ
250 2278 290 2343 τὸ
310 2275 392 2346 αὐτὸ
414 2289 533 2366 συνῆγε
554 2282 609 2345 καὶ
637 2283 780 2365 Φρυγίας
801 2283 855 2346 καὶ
877 2281 1008 2360 Λυδίας,
1032 2282 1242 2364 Μιξολυδιστὶ
1256 2281 1311 2346 καὶ
1332 2279 1469 2367 'lauri'l

175 2390 289 2471 Itaque
325 2411 399 2452 mea
429 2391 561 2472 quidem
591 2393 752 2454 sententia
783 2413 823 2454 ne
853 2393 941 2455 vocis
963 2390 1122 2456 εἰδύλλιον
1145 2392 1276 2474 quidem
1300 2413 1339 2456 ea
1361 2393 1464 2474 orig0,

175 2519 274 2580 quarn
297 2481 409 2563 statuit
433 2499 597 2576 Christius,
623 2521 694 2564 esse
718 2510 835 2582 potest.
883 2500 942 2564 Cui
965 2510 1131 2584 praeterea
1154 2501 1309 2572 Christius
1338 2522 1467 2585 persua·

174 2610 266 2674 debit
288 2610 376 2673 vocis
398 2605 481 2686 εἶδος
504 2612 670 2674 notionem
687 2632 706 2674 a
722 2611 940 2693 grammaticis
956 2612 1045 2675 brevi
1066 2631 1094 2675 a.
1113 2610 1187 2680 Chr.
1209 2633 1237 2675 n.
1257 2613 1466 2676 constitutam

174 2719 283 2802 paullo
315 2730 391 2804 post
421 2721 474 2805 (cf.
507 2721 623 2788 Christ.
651 2743 684 2804 p.
717 2724 778 2804 54.)
810 2723 875 2784 iam
904 2722 988 2784 adeo
1017 2721 1185 2785 evanuisse
1215 2721 1267 2806 (cl.
1298 2721 1374 2784 Plio.
1405 2723 1466 2804 Ep.

174 2831 230 2893 IV.
259 2849 306 2910 14.
333 2831 448 2895 Christ.
474 2852 505 2913 p.
527 2845 574 2913 57.
599 2833 681 2915 seq.)
705 2841 740 2895 ut
762 2852 891 2896 sensum
915 2832 1107 2895 immutaret:
1132 2832 1232 2894 immo
1253 2831 1333 2895 tales
1357 2851 1464 2906 voces,

176 2962 251 3004 cum
274 2940 420 3005 sollemni
443 2963 502 3005 usu
519 2943 757 3016 adhiberentur,
783 2942 880 3005 etiarn
904 2941 1093 3006 sollemnem
1116 2942 1282 3005 notionem
1305 2942 1338 3005 in
1361 2962 1465 3024 gram·

175 3037 366 3117 'maticorum
398 3052 515 3116 scholis
546 3071 689 3116 servasse
719 3052 981 3115 verisimillimum
1005 3061 1064 3120 est.

281 3163 354 3238 Mea
376 3163 508 3245 quidem
531 3163 690 3226 sententia
714 3183 765 3227 res
787 3162 882 3244 plane
905 3161 969 3226 alio
991 3163 1091 3225 modo
1113 3162 1307 3244 explicanda
1328 3171 1388 3230 est.

281 3271 413 3336 Minime
436 3273 586 3336 credibile
609 3273 686 3336 mihi
709 3274 837 3336 videtur
859 3273 1003 3354 linguam
1033 3292 1184 3354 graecam
1217 3273 1376 3336 nonnullis
1399 3293 1465 3336 sae-

174 3381 252 3443 culis
275 3403 306 3463 p.
328 3381 402 3444 Chr.
426 3404 455 3445 n.
481 3383 579 3446 etiam
605 3404 645 3446 eo
666 3383 779 3465 vigore
801 3382 955 3457 floruisse,
982 3391 1016 3445 ut
1039 3381 1134 3464 plane
1150 3402 1251 3444 novas
1274 3403 1372 3447 voces
1395 3403 1466 3466 pro

174 3500 306 3558 crearet.
352 3492 522 3556 Praeterea
545 3502 654 3556 autem
678 3513 743 3555 non
770 3493 875 3566 video,
901 3492 981 3574 quid
1004 3492 1137 3556 tandem
1161 3493 1374 3556 commoverit
1397 3493 1465 3556 eius

173 3602 289 3664 aetatis
312 3604 552 3684 grammaticos,
576 3613 612 3666 ut
635 3621 754 3666 novum
778 3603 954 3664 carminum
976 3601 1247 3666 Theocriteorum
1280 3623 1399 3666 nomen
1422 3604 1466 3667 in·

174 3711 320 3776 venirent
344 3715 433 3795 (nam
454 3714 581 3776 Pindari
603 3723 706 3777 artem
729 3712 824 3776 aliam
846 3732 917 3776 esse
940 3720 1037 3794 atque
1054 3711 1219 3776 Theocriti
1244 3714 1465 3796 unusquisque

285 3992 302 4058 ¹)
321 3994 410 4044 Christ.
423 3995 439 4043 l.
453 3995 470 4042 l.
484 4012 508 4058 p.
525 3994 565 4057 56.
580 4009 646 4058 seq.:
669 3993 719 4044 ιΕε
737 3994 832 4044 konnte
853 3993 906 4042 also
925 3992 968 4041 der
981 3992 1063 4041 Name
1076 3993 1156 4057 Idylle
1174 3993 1201 4041 in
1213 3993 1271 4041 dem
1290 3990 1468 4042 bezeichueten

174 4085 251 4136 Sinne
270 4094 318 4136 erst
335 4087 507 4147 aufkommen,
527 4086 564 4136 als
581 4086 673 4136 bereits
691 4086 736 4135 dns
755 4086 878 4151 primitive
897 4082 974 4140 εἶδος
986 4099 1051 4148 ganz
1063 4084 1104 4134 die
1115 4084 1306 4150 urspriingliche
1319 4083 1470 4148 Bedeutung

173 4179 240 4228 einer
257 4179 412 4228 besonderen
430 4179 616 4242 rhythmischen
636 4179 689 4228 und
707 4180 857 4229 metrischen
875 4179 958 4228 Weise
983 4177 1127 4241 abgestreist
1145 4175 1198 4227 und
1224 4177 1273 4225 den
1301 4175 1470 4240 allgemeinen

178 4271 265 4333 »Lien
285 4271 407 4321 Gedicht«
429 4288 616 4336 angenomruen
634 4271 718 4322 hatte«
740 4279 786 4323 etc.

281 4360 304 4430 ²)
320 4363 411 4414 Christ.
430 4364 447 4412 l.
459 4365 477 4413 l.
497 4381 523 4430 p.
543 4375 583 4428 51.
603 4366 666 4414 haec
685 4366 773 4417 habet:
796 4359 954 4414 »aldillrov
974 4362 1088 4429 λέγεται
1108 4354 1137 4412 ri
1155 4355 1261 4430 μικρδν
1280 4365 1395 4429 ποίημα,
1415 4359 1472 4412 ἐπι-

173 4463 267 4507 νίκιον
296 4456 326 4508 δὲ
355 4457 469 4524 λέγεται
497 4457 527 4508 ἓν
557 4457 676 4511 ἕκαστον
705 4461 761 4508 τοῖν
789 4461 837 4508 τοῦ
865 4451 1012 4525 Πινδάρου
1040 4449 1128 4522 (schol.
1157 4451 1266 4504 Theocr.
1293 4453 1407 4520 prolegg.
1432 4454 1473 4503 111

173 4549 194 4600 1.
207 4547 337 4617 Fritzsch.)
357 4565 408 4600 was
426 4551 600 4602 versehrieben
618 4552 649 4602 ist
667 4567 725 4602 aus:
745 4549 780 4601 al
789 4549 850 4608 δος
870 4549 900 4601 δὲ
920 4554 1034 4618 Λέγεται
1055 4548 1085 4599 ἓν
1102 4545 1222 4598 ἕκαστον
1242 4551 1299 4598 τοῖν
1320 4562 1343 4596 r.
1358 4551 1396 4596 Π.
1416 4545 1474 4598 διει-

174 4648 286 4693 νικίων.
323 4642 374 4692 Sed
392 4657 444 4693 non
466 4643 540 4693 video
568 4645 713 4694 mutationis
740 4659 842 4694 cansam
870 4659 953 4708 neque
980 4640 1101 4692 indicavit
1119 4639 1218 4692 Christ:
1247 4647 1356 4690 mutasse
1375 4640 1473 4692 viderur

173 4745 201 4786 nt
220 4745 313 4786 exteret
331 4737 401 4785 locus
422 4752 472 4800 quo
492 4736 600 4786 firmaret
617 4737 761 4802 opinionem
781 4751 862 4786 suam.
