3500 5498
934 498 972 560 18

842 588 1054 598 ———-

297 720 406 776 autem
430 723 562 796 poetam
586 713 647 776 sub
670 709 768 776 finem
791 711 877 774 tertii
900 732 926 773 a.
954 712 1027 775 Chr.
1061 733 1091 774 n.
1123 712 1241 774 saeculi
1278 713 1309 774 in
1339 711 1443 776 lucem
1473 709 1597 776 editum

279 833 329 906 'et
351 823 430 886 salso
454 825 536 886 inter
558 823 650 885 Arati
673 831 705 884 et
728 822 894 885 Theocriti
918 823 1071 905 aequales
1102 823 1237 885 relatum
1270 843 1340 885 esse
1373 823 1484 886 docuit
1507 844 1538 889 v.
1563 825 1593 885 d.

295 932 473 996 Schneider
489 933 682 1016 (Nicandrea
697 953 728 1014 p.
748 949 796 998 10.
810 934 938 1014 seqq.)
953 934 1053 1006 ,cuius
1066 933 1301 995 ratiocinationi
1316 932 1412 1014 plane
1425 933 1594 996 assentior.

360 1035 363 1042 ’
401 1043 451 1105 Ne
474 1043 580 1105 Nicias
604 1035 736 1124 quidem
753 1043 908 1115 medicus,
933 1039 1097 1105 Theocriti
1121 1043 1243 1104 amicus
1268 1042 1321 1126 (cf.
1345 1043 1410 1104 idd.
1435 1042 1490 1108 Xl.
1507 1042 1591 1107 Xlll.

293 1153 462 1237 XXVIII.),
488 1153 686 1214 omittendus
711 1162 777 1216 est:
814 1152 996 1234 appellatur
1021 1163 1130 1215 autem
1153 1153 1338 1215 Erasistrati
1372 1148 1598 1237 συμφοιτητὴς

290 1255 390 1326 hurih.
412 1264 453 1325 id.
472 1263 550 1346 XL),
582 1283 666 1344 quae
689 1283 757 1324 vox
780 1263 922 1335 denotat,
949 1283 1023 1324 eum
1049 1263 1193 1325 eiusdem
1215 1264 1445 1345 praeceptoris
1470 1264 1592 1327 scilicet

293 1374 502 1454 Praxagorae
535 1372 684 1446 CoensiS,
718 1372 885 1453 disciplina
917 1392 1011 1435 usum
1035 1393 1107 1435 esse
1130 1383 1228 1454 atque
1252 1373 1493 1436 Erasistratum.
1530 1373 1592 1458 (Cf.

294 1483 375 1548 Plat.
403 1482 536 1544 Phaedr.
569 1494 630 1560 255
655 1502 682 1545 a.
713 1481 856 1562 Euthyd.
888 1499 959 1564 272.
983 1504 1008 1544 c.
1040 1483 1123 1549 Xen.
1149 1483 1232 1548 Hell.
1266 1500 1295 1550 2.
1327 1502 1357 1561 4.
1390 1485 1452 1565 16).
1498 1484 1597 1546 Hunc

295 1601 404 1654 autem
429 1592 591 1654 medicum
615 1592 860 1654 celeberrimum
884 1592 1071 1654 Ptolemaeo
1095 1593 1118 1658 1.
1137 1603 1293 1673 regnante
1310 1593 1456 1656 floruisse
1474 1597 1594 1658 docent

293 1701 365 1774 loci,
391 1722 474 1783 quos
497 1701 657 1783 Sprengel
679 1702 698 1771 1,
728 1703 746 1764 l.
778 1702 925 1782 collegit:
963 1702 1072 1784 itaque
1101 1703 1210 1766 Nicias
1242 1701 1392 1785 quidem,
1427 1723 1499 1766 cum
1529 1704 1596 1770 idd.

293 1811 346 1874 Xl.
383 1809 468 1877 XlIl.
503 1811 609 1874 XVIII
643 1831 719 1874 eum
753 1812 918 1875 Theocriti
950 1812 1122 1894 aequalem
1157 1832 1228 1876 esse
1261 1795 1452 1886 ostendant,
1484 1821 1594 1875 aetate

295 1921 405 2004 paullo
429 1922 534 1983 minor
555 1931 623 1983 erat
645 1921 886 2004 Erasistrato.¹)

400 2029 509 2111 Quam
532 2031 586 2093 diu
611 2033 726 2094 vixerit
747 2031 941 2094 Theocritus
965 2042 1022 2094 aut
1044 2053 1110 2114 quo
1133 2054 1220 2095 anno
1245 2033 1331 2095 diem
1354 2033 1504 2096 ultimum
1526 2033 1592 2095 obi-

295 2141 354 2203 erit
388 2162 447 2203 nos
483 2141 578 2222 plane
613 2143 810 2222 ignoramus.
859 2142 1030 2204 Munatum
1065 2142 1198 2224 quidem
1236 2144 1486 2224 grammaticum
1521 2164 1597 2205 eum

296 2250 483 2314 Ptolemaeo
499 2250 707 2334 Philopatore
731 2260 889 2331 regnante
913 2256 1100 2336 (222—205
1125 2273 1152 2314 a.
1173 2251 1249 2318 Chr.
1268 2255 1312 2335 n.)
1336 2262 1500 2316 mortuum
1524 2273 1597 2316 esse

294 2356 373 2422 salso
397 2361 547 2423 statuisse
571 2361 647 2422 dicit
673 2360 772 2423 schol.
793 2353 1012 2427 1161111111.
1054 2362 1179 2443 Quater
1195 2373 1305 2424 autem
1321 2361 1406 2424 hunc
1423 2363 1596 2425 Munatum

294 2469 534 2552 reprehendunt
556 2470 666 2532 scholl.
699 2470 752 2556 (cs.
777 2471 815 2535 Il.
846 2487 915 2538 100.
941 2466 1042 2535 ὑπόθ.
1064 2472 1207 2538 111.V11.
1230 2471 1356 2555 xvh),
1381 2472 1431 2535 bis
1456 2492 1531 2535 cum
1555 2489 1597 2534 eo

294 2581 500 2642 consentiunt
525 2581 606 2664 ¹(Vll
645 2596 714 2661 107.
752 2584 843 2663 138):
878 2590 976 2664 atque
1009 2602 1083 2643 curn
1115 2583 1245 2664 saepius
1277 2591 1389 2645 contra
1422 2583 1595 2645 Munatum

294 2711 394 2772 quam
413 2699 523 2752 contra
540 2709 737 2773 quemquam
754 2691 850 2752 aliurn
868 2691 964 2771 idque
981 2692 1128 2753 acerbius
1146 2693 1322 2774 disputent,
1349 2702 1437 2754 recte
1452 2692 1592 2756 Ahrens

297 2799 373 2882 (vol.
399 2799 435 2864 ll.
459 2800 558 2882 prael.
584 2822 616 2879 p.
639 2799 774 2883 XXXII)
799 2802 955 2882 suspicari
979 2801 1057 2864 mihi
1083 2801 1217 2877 videtur,
1243 2802 1441 2865 scholiorum
1464 2803 1594 2866 vetusti·

296 2928 388 2970 orum
423 2910 615 2992 scriptorem
650 2911 788 2972 Munato
822 2911 987 2992 interpreti
1022 2913 1186 2986 aemulum
1223 2913 1377 2979 extitisse.
1432 2913 1498 2976 Sed
1533 2915 1595 2976 hac

294 3015 494 3099 quidem're,
519 3021 708 3102 praesertim
734 3041 809 3082 cum
832 3021 930 3083 etiam
953 3022 994 3083 de
1017 3001 1140 3096 errore,
1166 3043 1263 3105 quem
1288 3023 1388 3090 schol.
1413 3017 1516 3088 ὑπόθ.
1539 3022 1592 3086 ΙΙΙ.

295 3137 458 3201 statuunt,
492 3129 632 3192 dubitari
663 3132 785 3212 possit,
816 3130 950 3193 omnino
981 3151 1047 3194 non
1082 3133 1324 3197 demonstratur
1353 3135 1524 3196 Munatum
1555 3135 1597 3196 de

293 3237 458 3300 Theocriti
488 3259 575 3302 anno
598 3239 684 3302 letali
706 3259 838 3320 quoque
872 3260 1003 3302 errasse.
1052 3241 1211 3304 Haulerus
1240 3243 1259 3308 l.
1285 3243 1303 3305 1.
1338 3265 1368 3325 p.
1401 3245 1440 3306 16
1463 3243 1597 3325 quidem

293 3348 418 3409 Munati
443 3350 669 3412 auctoritatem
693 3349 819 3411 Moschi
844 3349 920 3430 epit.
945 3349 1038 3416 Bion.
1062 3371 1108 3416 vs.
1134 3368 1188 3431 94.
1212 3353 1276 3435 (ed.
1303 3351 1481 3434 Meineke2)
1506 3354 1594 3414 nisus

294 3456 455 3530 defendit,
493 3458 671 3520 Ahrensius
706 3459 725 3524 l.
758 3458 776 3524 l.
813 3457 907 3539 plane
940 3461 1158 3540 spernendam
1192 3471 1305 3542 putat:
1339 3462 1491 3544 equidem
1526 3483 1596 3525 rem

294 3566 438 3629 indubio
453 3568 697 3649 relinquendam
715 3588 785 3630 esse
802 3587 929 3641 cense0,
947 3589 1022 3631 cum
1039 3570 1159 3632 nullum
1177 3572 1357 3635 inveniatur
1373 3573 1596 3637 testimonium

294 3677 382 3758 (nam
399 3677 487 3758 quod
504 3676 586 3745 Stat.
603 3677 670 3745 silv.
688 3679 729 3740 111
751 3691 819 3758 151.
856 3681 1068 3744 Theocritum
1096 3682 1258 3746 »Siculum
1275 3703 1434 3745 senemr
1454 3683 1598 3765 appellat

293 3785 335 3848 nil
359 3786 582 3871 demonstrat),
600 3788 690 3870 quod
705 3803 764 3850 nos
781 3790 958 3853 Theocrito
974 3791 1073 3854 etiam
1090 3791 1162 3872 plus
1179 3812 1278 3873 quarn
1294 3793 1465 3876 octoginta
1481 3812 1594 3866 annos,

294 3906 375 3977 quot
401 3896 482 3958 vixit
513 3898 538 3958 si
570 3897 781 3980 Philopatore
805 3919 881 3980 rege
906 3900 971 3962 vita
995 3903 1144 3975 decessit,
1175 3903 1317 3965 tribuere
1340 3911 1458 3984 cogat,
1496 3921 1593 3984 quan·

292 4017 359 4068 tam
390 4016 593 4069 senectutem
627 4018 796 4089 praeterea
819 4010 1011 4092 scriptorum
1045 4012 1237 4093 interpretes
1267 4013 1333 4074 suis
1354 4013 1463 4074 verbis
1496 4013 1595 4074 adno-

293 4125 363 4178 tare
386 4115 500 4190 solent,
527 4127 560 4179 et
582 4128 784 4181 senectutem
805 4121 952 4200 attigisse
975 4120 1187 4183 Theocritum
1210 4123 1311 4203 ipsius
1341 4123 1486 4184 'carmina
1509 4141 1595 4184 com·

293 4227 432 4308 probare
455 4226 642 4294 videantur:
666 4229 816 4310 inspicias
841 4230 880 4290 id.
907 4229 1022 4320 XXIX.
1051 4229 1218 4314 (Ahrens)
1243 4249 1289 4299 vs.
1314 4253 1344 4311 3.
1369 4253 1446 4313 seq:
1470 4230 1510 4296 τὸ
1532 4228 1596 4316 γὰρ

404 4425 421 4492 ¹)
441 4427 480 4477 Cf.
500 4427 532 4480 G.
545 4429 665 4493 Partheyr
694 4428 747 4479 Das
766 4428 830 4479 alex.
853 4431 969 4479 Museum
982 4432 1046 4479 Berl.
1068 4430 1098 4479 18
1101 4429 1134 4493 38
1148 4448 1173 4496 p.
1187 4430 1250 4495 1178.
1266 4439 1290 4482 et
1302 4432 1418 4482 Hecker:
1439 4431 1593 4482 Geschichte

296 4519 340 4568 der
360 4519 505 4569 Heilkunde
525 4521 544 4569 l.
566 4538 589 4586 p.
611 4534 658 4583 301
680 4523 742 4572 ibid.
761 4524 830 4574 laud.

399 4609 419 4679 ²)
440 4613 490 4662 Hic
508 4614 644 4662 nonnullos
670 4630 754 4664 versus
773 4615 895 4665 excidisse
920 4616 964 4664 viri
987 4615 1055 4664 docti
1080 4615 1131 4664 iam
1157 4615 1254 4681 pridem
1280 4617 1468 4666 intellexerunt:
1500 4631 1552 4680 qua
1570 4631 1599 4666 re

293 4703 355 4767 quid
374 4704 421 4751 sibi
442 4703 502 4752 velit
521 4713 587 4754 totus
605 4707 675 4756 locus
694 4723 744 4756 non
765 4707 920 4772 perspicitur.
