3500 5498
900 438 940 502 72

817 515 1027 522 -·—·—-.-.--

160 679 162 684 -
275 638 464 722 praesertim
487 658 560 700 cum
586 637 722 701 Diodori
746 637 886 699 numeris
909 636 1046 698 multum
1070 638 1167 701 tribui
1198 657 1262 699 non
1285 637 1397 699 soleat.
1453 637 1569 716 ltaque

205 825 208 834 Ι
276 768 316 810 ne
340 767 404 829 ego
428 748 557 827 quidem
589 747 736 810 Diodoro
765 756 893 809 tantum
924 745 1064 810 tribuere
1093 767 1236 830 possum,
1269 757 1313 820 ut,
1338 767 1412 809 cum
1447 747 1570 829 reliqua

275 858 384 921 omnia
408 857 551 940 perbene
589 857 756 940 quadrent,
793 877 867 920 eum
894 877 1020 938 sequar.
1070 856 1102 920 Si
1143 867 1254 920 autem
1284 857 1419 920 Diodori
1444 857 1572 919 numeri

272 966 431 1031 hocloco
454 969 532 1031 recti
556 977 640 1040 sunt,
668 988 719 1031 res
743 968 786 1030 ita
809 966 899 1030 facile
924 969 1077 1051 explicari
1101 977 1220 1050 potest,
1254 976 1289 1030 ut
1320 968 1443 1029 Areum
1478 967 1572 1030 brevi

273 1086 347 1140 ante
370 1077 489 1140 bellum
512 1077 785 1141 Chremonideum
810 1098 884 1140 eum
907 1078 1078 1160 Antigono
1110 1078 1173 1140 iam
1205 1077 1339 1140 bellasse
1369 1086 1567 1142 statuamus:

274 1207 325 1250 res
347 1197 417 1250 tum
434 1188 496 1249 alio
513 1187 611 1250 modo
626 1198 724 1273 atque
740 1188 940 1268 Droysenius
955 1209 1009 1251 eas
1026 1189 1184 1252 enarravit
1200 1189 1280 1250 inter
1296 1208 1330 1250 se
1347 1188 1520 1250 cohaerent
1535 1187 1568 1272 ι).

381 1297 457 1360 Alia
480 1319 578 1360 causa
602 1298 723 1361 bellum
747 1297 1021 1361 Chremonideum
1055 1307 1130 1381 post
1154 1320 1180 1362 a.
1211 1298 1283 1377 265.
1308 1319 1335 1360 a.
1362 1297 1435 1361 Chr.
1459 1319 1488 1360 n.
1514 1319 1568 1360 ex-

275 1417 382 1470 ortum
399 1428 470 1470 esse
486 1408 566 1472 haec
589 1418 647 1472 est.
694 1408 882 1473 Alexander
906 1409 1000 1482 enim,
1024 1409 1242 1472 Molossorum
1258 1429 1325 1479 rex,
1351 1407 1568 1472 incursionem

273 1516 347 1580 fecit
371 1518 401 1580 in
424 1516 526 1601 ipsam
549 1519 775 1581 Macedoniam
797 1527 830 1580 et
851 1517 1055 1599 Antigonum
1079 1539 1191 1599 regem
1215 1519 1297 1581 adeo
1320 1518 1447 1592 devicit,
1473 1528 1507 1580 ut
1532 1528 1567 1580 et

277 1627 394 1695 milites
418 1628 459 1690 ad
484 1650 558 1691 eum
582 1629 819 1710 transfugerent
842 1638 875 1692 et
898 1629 967 1709 ipse
991 1638 1096 1692 totum
1121 1629 1281 1709 Antigoni
1313 1630 1482 1713 imperium
1511 1651 1569 1692 ex·

276 1746 444 1823 pugnaret.
491 1739 618 1803 Eodem
643 1747 750 1802 autem
775 1748 925 1821 tempore
948 1740 1032 1802 aliud
1057 1750 1089 1803 et
1113 1740 1214 1802 multo
1239 1741 1368 1820 gravius
1391 1737 1569 1820 periculum

278 1848 448 1928 Antigono
471 1849 640 1923 imminuit,
672 1850 713 1912 de
744 1870 809 1931 quo
832 1849 913 1911 dixit
935 1849 1095 1931 Droysen.
1120 1849 1137 1912 l.
1163 1851 1181 1912 l.
1208 1869 1239 1930 p.
1267 1866 1345 1928 239:
1371 1869 1446 1911 narn
1470 1849 1569 1912 Alex-

280 1958 388 2032 ander,
424 1957 568 2021 Corinthi
592 1968 625 2021 et
658 1947 815 2023 Euboeae
848 1960 1006 2033 dominus,
1040 1932 1316 2041 Megalopolitani,
1354 1960 1479 2040 Argivi,
1516 1959 1569 2022 alii

276 2067 469 2141 deiecerant,
500 2068 655 2152 Aegyptii
686 2089 804 2151 magna
833 2069 926 2132 classi
955 2050 1056 2132 mare*
1073 2069 1281 2143 obtinebant,
1315 2078 1350 2131 ut
1381 2069 1569 2151 Antigonus

277 2198 334 2240 rex
357 2178 549 2241 Macedonia
572 2179 683 2242 relicta
707 2180 874 2242 meridiem
898 2200 1009 2242 versus
1033 2180 1191 2262 proficisci
1207 2182 1351 2254 deberet,
1377 2189 1412 2242 ut
1436 2201 1502 2242 rem
1520 2201 1569 2242 su·

275 2307 328 2351 am
352 2309 371 2350 a
394 2289 589 2353 detrimento
622 2290 720 2370 longe
751 2289 895 2352 maximo
924 2291 1121 2356 defenderet.
1165 2290 1315 2354 Absente
1344 2299 1453 2354 autem
1476 2290 1569 2353 Anti·

276 2418 364 2480 gono
393 2397 503 2462 >huius
535 2398 617 2462 filius
638 2399 832 2471 Demetrius,
864 2420 945 2480 puer
974 2400 1162 2475 admodum,
1193 2401 1327 2464 absente
1358 2409 1450 2482 patre
1481 2421 1570 2483 repa·

279 2518 351 2571 rato
374 2510 516 2572 exercitu
542 2531 605 2573 non
630 2510 734 2572 solum
758 2511 910 2572 amissam
934 2509 1158 2573 Macedoniam
1182 2511 1312 2594 recepit,
1335 2530 1448 2573 verum
1472 2511 1570 2574 etiam

276 2618 365 2700 Epiri
389 2639 525 2700 regnum
548 2621 771 2685 Alexandrum
793 2622 918 2701 spoliat.
966 2622 1072 2685 Tanta
1095 2621 1146 2684 vel
1169 2621 1329 2684 mobilitas
1357 2621 1492 2685 militum
1515 2621 1567 2684 vel

276 2728 425 2793 fortunae
437 2731 574 2794 varietas
587 2741 663 2805 erat,
679 2742 714 2794 ut
726 2732 865 2794 vicissim
879 2752 972 2812 reges
986 2752 1069 2794 nunc
1086 2731 1205 2804 exules,
1220 2751 1304 2794 nunc
1319 2731 1451 2816 [exules]
1474 2752 1569 2811 reges
1589 2731 1592 2736 ’

277 2837 492 2902 viderentur«.
517 2841 636 2922 (lustin.
647 2842 764 2905 XXVI.
779 2858 808 2906 2.
828 2858 875 2907 11.
891 2845 971 2926 seq.)
995 2842 1062 2904 lam
1077 2842 1218 2904 exoritur
1230 2842 1379 2926 quaestio
1398 2842 1439 2904 de
1452 2842 1569 2904 Deme-

277 2949 339 3011 trio
362 2948 416 3011 illo
445 2951 568 3013 victore
596 2971 708 3032 puero,
740 2973 838 3036 quem
862 2953 972 3015 lustin.
998 2963 1031 3015 et
1054 2951 1173 3016 Euseb.
1200 2952 1303 3023 Arm,
1328 2971 1466 3034 quorum
1489 2951 1571 3014 alter

276 3059 413 3122 alterum
446 3079 512 3123 non
547 3063 708 3146 excripsit,
741 3063 897 3144 Antigoni
931 3062 948 3124 l
953 3063 1069 3125 ilium
1106 3061 1278 3146 appellant.
1326 3059 1446 3124 Genuit
1479 3062 1567 3124 hunc

277 3170 479 3233 Demetrium
502 3171 690 3252 Antigonus
713 3174 782 3236 sine
815 3174 914 3236 dubio
947 3193 989 3235 ex
1013 3174 1111 3246 Phila,
1145 3173 1301 3235 Antiochi
1335 3173 1419 3252 regis
1450 3192 1571 3248 sorore,

277 3298 374 3364 quam
406 3280 436 3341 in
461 3282 701 3344 matrimonium
732 3285 825 3346 duxit
854 3283 945 3346 finito
974 3283 1058 3346 bello
1090 3304 1164 3346 cum
1188 3282 1353 3364 Antiocho
1385 3302 1412 3348 a.
1439 3279 1516 3355 msa.
1541 3304 1569 3344 a.

278 3388 351 3452 Chr.
376 3410 423 3474 n.;
460 3391 570 3471 itaque
595 3383 788 3467 Demetrius,
823 3414 897 3471 cum
922 3393 1144 3472 Alexandrum
1178 3393 1371 3466 devinceret,
1406 3412 1485 3472 quas
1519 3413 1571 3456 res

277 3519 341 3580 ego
364 3510 438 3584 post
460 3522 487 3566 a.
514 3501 586 3580 264.
612 3523 641 3568 a.
666 3502 731 3567 Chr
766 3524 794 3567 n.
820 3514 927 3585 gestas
960 3525 1030 3566 esse
1057 3513 1174 3575 statuo,
1207 3503 1322 3566 aetatis
1352 3523 1473 3566 annum
1502 3501 1569 3566 fere

277 3611 424 3692 quintum
449 3611 497 3674 vel
522 3623 651 3676 sextum
673 3613 835 3678 decimum
859 3612 940 3691 egit:
975 3611 1099 3691 optime
1128 3613 1225 3694 igitur
1246 3615 1385 3676 lustinus
1414 3623 1447 3677 et
1469 3614 1568 3677 Euse-

277 3721 350 3784 bius
381 3741 455 3784 eum
490 3743 645 3806 »puerum
676 3725 874 3788 admodum«
907 3721 1159 3805 appellaverunt.
1188 3763 1229 3772 -
1258 3725 1417 3804 Droysen.
1448 3733 1568 3798 autem,

278 3832 333 3914 qui
356 3852 411 3894 eas
435 3853 485 3895 res
508 3843 583 3896 ante
606 3854 634 3900 a.
660 3835 732 3914 265.
757 3855 784 3897 a.
811 3832 883 3898 Chr.
909 3853 938 3896 n.
970 3842 1059 3895 actas
1088 3853 1159 3895 esse
1191 3833 1314 3908 statuit,
1347 3834 1502 3897 lustinum
1536 3844 1572 3898 et

277 3942 465 4016 Eusebium,
490 3964 689 4027 quamquam
712 3944 791 4007 alter
813 3943 950 4006 alterum
978 3963 1042 4004 non
1073 3943 1186 4006 habuit
1215 3943 1348 4017 fontem,
1379 3946 1496 4008 ambos
1524 3965 1570 4035 er·

277 4073 365 4116 rasse
388 4061 528 4116 statuere
552 4054 659 4128 debet,
686 4055 840 4135 quoniam
863 4054 1040 4117 secundum
1065 4074 1155 4116 suam
1187 4075 1291 4116 rerum
1321 4055 1570 4136 dispositionem

277 4163 463 4226 Demetrius
487 4162 538 4226 ille
569 4162 651 4226 filius
683 4165 840 4246 Antigoni
870 4183 991 4225 annum
1023 4165 1137 4226 aetatis
1167 4164 1396 4228 duodecimum
1426 4166 1571 4230 nondum

277 4282 443 4337 assecutus
466 4293 536 4336 esse
560 4275 675 4356 potuit.
722 4275 834 4354 ltaque
857 4274 1016 4356 Antigoni
1048 4274 1222 4337 tratrem
1254 4275 1428 4355 quemdam
1449 4275 1568 4340 Deme-

276 4384 372 4448 trium
397 4383 552 4446 victorem
582 4383 681 4448 fuisse
712 4385 833 4458 statuit,
859 4385 897 4447 cf.
923 4385 941 4446 l.
966 4385 985 4452 l.
1011 4406 1040 4467 p.
1070 4387 1143 4464 238.
1169 4406 1198 4450 n.
1228 4403 1262 4452 1:
1286 4386 1313 4447 si
1337 4386 1433 4466 igitur
1463 4407 1573 4450 meam

391 4634 407 4701 ¹)
425 4634 466 4684 Cf.
486 4646 570 4685 autem
590 4636 653 4684 infra
672 4655 695 4702 p.
717 4636 757 4698 76.
779 4653 803 4684 n.
828 4649 848 4685 1.
