3500 5498
714 485 904 610 432.-

151 720 307 774 tractasse
331 711 479 773 videntur
500 719 627 777 enarrat
650 712 870 794 Apollodorus
893 712 941 796 (ll.
968 730 998 778 2.
1025 717 1074 798 2.),
1099 723 1325 796 argumentum
1350 714 1446 796 igitur

151 822 347 884 simillimum
370 831 438 884 erat
460 822 660 884 Baccharum
685 824 736 906 (ci.
760 823 802 888 id.
826 823 990 908 XXVI.)¹)

259 932 344 994 Num
368 932 560 995 Theocritus
584 929 778 1009 Έλπὶὁας
800 935 964 1016 scripserit
987 935 1126 997 dubitari
1144 944 1263 1017 potest,
1289 954 1363 997 cum
1379 933 1448 998 Sui·

153 1039 211 1104 das
236 1043 322 1104 idem
345 1063 475 1105 carmen
499 1043 698 1107 Callimacho
710 1041 733 1128 ²)
756 1065 889 1126 quoque
911 1045 1046 1107 tribuat:
1072 1056 1158 1108 recte
1182 1053 1293 1107 autem
1321 1044 1449 1108 confert

154 1151 313 1214 Haulerus
338 1153 379 1218 id.
397 1153 450 1224 IV,
478 1175 523 1215 vs,
541 1170 593 1230 42.
611 1173 680 1236 seq.
729 1155 828 1216 Error
851 1156 976 1217 videtur
1000 1175 1070 1216 esse
1088 1153 1216 1229 Suidae,
1242 1153 1448 1219 scribendum
1504 1169 1506 1174 ’

153 1272 222 1325 erat
245 1262 387 1346 Χάριτες
410 1265 455 1345 (id
478 1264 586 1347 XVI),
612 1265 702 1346 quod
726 1285 857 1327 carmen
886 1265 939 1345 (ne
966 1263 1107 1349 ἐγκώμια
1137 1266 1268 1347 quidem
1296 1266 1449 1360 appellat)

154 1373 273 1437 omisit.
973 1395 975 1401 ·

262 1484 409 1564 Hymni
433 1494 508 1546 sunt
540 1485 605 1550 idd,
638 1485 737 1550 XVII.
769 1483 818 1567 (cs.
843 1506 887 1546 vs.
925 1489 966 1570 7.)
991 1487 1022 1547 in
1053 1486 1273 1550 Ptolemaeum
1296 1485 1448 1550 Philadel-

155 1594 268 1676 phum,
293 1594 391 1659 XXII.
423 1596 454 1656 in
485 1594 636 1658 Castores
664 1594 714 1678 (cl.
744 1593 844 1658 schol.
879 1596 977 1660 Arist.
1009 1596 1093 1658 Nub.
1119 1594 1246 1681 210.)³),
1269 1595 1385 1661 XXVI.
1418 1597 1449 1660 iu

155 1704 319 1767 Bacchum
352 1704 402 1783 (cf.
433 1725 496 1770 vss.
529 1705 604 1768 inde
634 1726 665 1768 a·
686 1723 748 1786 33,
785 1706 840 1788 qui
873 1705 1013 1786 hymnos
1037 1705 1230 1770 Homericos
1264 1708 1447 1789 imitantur).

156 1815 325 1877 Praeterea
341 1815 505 1888 Berenice,
523 1836 597 1877 cum
614 1816 756 1879 celebret
771 1816 879 1878 divam
895 1815 1074 1878 Ptolemaei
1087 1816 1290 1898 Philadelphi
1302 1825 1447 1889 matrem,

157 1925 353 2007 hymnorum
376 1925 517 1988 indolem
541 1927 669 1989 videtur
691 1903 857 1988 habuisses

263 2031 368 2100 'nm
378 2035 489 2119 ήδεια
505 2034 637 2121 play)
653 2037 791 2098 Aratum
805 2055 936 2118 quoque
949 2037 1172 2118 composuisse
1184 2045 1326 2098 constat:
1340 2044 1450 2099 tamen

157 2147 222 2208 noli
239 2145 395 2218 dubitare,
421 2146 497 2227 quin
512 2146 704 2209 Theocritus
729 2167 767 2209 ea
789 2147 1016 2228 composuerit,
1034 2165 1108 2208 cum
1131 2154 1250 2228 poetae
1265 2146 1335 2210 aevi
1353 2145 1449 2208 Alex·

157 2254 280 2318 andrini
305 2256 385 2318 mira
408 2257 557 2319 ubertate
580 2257 738 2320 florerent.
787 2255 918 2320 Nullum
941 2265 1050 2318 autem
1072 2255 1104 2316 in
1128 2255 1327 2327 collectione,
1351 2276 1450 2337 quam

157 2387 217 2428 nos
254 2366 421 2440 habemuS,
458 2367 617 2430 invenitur
651 2387 791 2440 carmen,
827 2366 916 2447 quod
951 2366 981 2428 in
1016 2365 1080 2428 hoc
1111 2366 1369 2428 consolationum
1399 2365 1450 2427 vel

157 2476 389 2538 cantilenarum
412 2475 594 2540 funebrium
617 2497 737 2559 genere
759 2477 919 2539 numerari
943 2476 1057 2558 possit,
1081 2476 1140 2539 nisi
1163 2497 1203 2538 eo
1226 2476 1357 2541 nomine
1381 2475 1450 2538 Sui·

158 2588 236 2648 dam
259 2584 441 2668 appellasse
474 2588 521 2650 vis
553 2588 594 2650 id.
621 2587 642 2653 I.
672 2588 704 2649 in
727 2585 936 2668 Daphnidem
958 2585 1188 2649 moribundum
1212 2595 1245 2648 et
1268 2584 1451 2653 id..XX111.

158 2698 190 2759 in
213 2706 393 2760 amatorem
415 2698 583 2761 infelicem.
731 2695 735 2706 “

266 2807 441 2888 Elegiae
472 2818 620 2872 servatae
650 2809 743 2871 nobis
772 2828 838 2871 non
868 2817 959 2873 sunt:
993 2807 1074 2870 dixit
1098 2807 1215 2870 Suidas
1246 2805 1383 2869 fortasse
1406 2806 1448 2868 id.

156 2916 303 2980 XXVIII.
328 2919 536 3000 (quamquam
561 2927 665 2982 metro
687 2918 853 3001 Sapphico
874 2918 1029 2999 scriptum
1061 2920 1121 2999 estl
1152 2926 1185 2979 et
1217 2917 1451 2999 epigrammata
1555 2923 1557 2932 ’

158 3047 241 3108 quae
266 3027 364 3108 vulgo
390 3037 599 3091 numerantur
623 3025 784 3094 1.111.'1V.
803 3029 855 3102 V.,
882 3028 1004 3110 quippe
1028 3047 1112 3109 quae
1127 3028 1259 3090 omnino
1276 3027 1451 3108 elegiarum

157 3137 300 3200 indolem
322 3146 459 3201 servent.
508 3139 677 3202 Praeterea
701 3139 851 3201 carminis
873 3138 979 3200 octavi
1001 3136 1176 3219 particulae
1199 3157 1242 3198 ex
1264 3136 1374 3217 elegiis
1397 3136 1449 3199 de·

158 3248 293 3331 perditis
314 3251 518 3332 compositae
540 3251 690 3313 videntur
714 3269 792 3311 esse,
809 3246 832 3332 ⁶)

264 3359 398 3421 lambi
421 3360 570 3441 leguntur
594 3361 675 3423 inter
698 3359 935 3440 epigrammata
957 3359 1043 3424 XVI.
1068 3357 1152 3420 XIX.
1177 3356 1261 3423 XXI.

264 3469 587 3550 Epigrammata
609 3470 748 3550 denique
772 3467 802 3530 in
827 3477 937 3531 nostra
959 3467 1147 3532 collectione
1171 3467 1290 3548 scripta
1305 3466 1395 3528 vides
1418 3466 1450 3528 in

158 3579 369 3662 Daphnidem
391 3601 482 3644 arma
505 3580 679 3663 pastoralia
703 3579 777 3640 Pani
803 3579 1009 3641 dedicantem
1033 3577 1104 3661 (IL),
1137 3577 1168 3638 in
1191 3576 1367 3658 Aesculapi
1389 3585 1451 3640 sta·

158 3697 247 3750 tuam
272 3689 373 3773 (Vll).
399 3692 431 3752 in
447 3690 611 3754 Musarum
631 3698 771 3752 statuam
796 3709 815 3750 a
838 3687 981 3751 Xenocle
999 3687 1117 3750 factam
1141 3685 1212 3772 (X),
1238 3687 1269 3749 in
1290 3687 1451 3768 tripodem
1538 3695 1541 3700 '

159 3819 178 3860 a
200 3799 406 3861 Damomene
428 3801 557 3863 Baccho
580 3801 790 3863 constitutam
808 3798 909 3883 (XII),
933 3800 964 3860 in
980 3799 1142 3861 Venerem
1158 3797 1314 3866 Uraniam
1336 3796 1451 3881 (XIII),

159 3912 190 3972 in
221 3910 453 3992 Epicharmum
486 3910 647 3974 Coensem
678 3909 810 3991 (XVII),
848 3909 879 3969 in
913 3908 1101 3971 Pisandrum
1130 3906 1349 3970 Camirensem
1381 3907 1451 3969 XX.

161 4021 407 4104 Epigrammata
431 4022 517 4085 XVI.
550 4023 592 4102 (in
622 4021 886 4104 Anacreontem),
917 4017 1003 4085 XIX.
1026 4018 1070 4100 (in
1093 4017 1344 4099 Archilochum3
1375 4016 1455 4078 alius

269 4253 285 4324 ¹)
306 4256 345 4305 CI.
358 4255 483 4305 Fritzsche
501 4255 533 4304 de
552 4265 619 4320 poet.
633 4271 671 4319 gr.
685 4255 742 4303 buc.
756 4273 782 4320 p.
797 4269 810 4303 2
816 4265 840 4318 ς,
873 4254 976 4302 Hauler.
990 4253 1007 4300 l.
1021 4252 1073 4317 lp
1091 4251 1124 4314 36
1135 4249 1191 4300 coll.
1204 4250 1280 4314 Verg.
1296 4248 1340 4297 ecl.
1355 4247 1400 4300 Vl.
1413 4259 1457 4310 47.

266 4346 286 4416 ²)
308 4347 348 4398 CI.
367 4348 463 4397 Lincke
482 4347 498 4396 l.
518 4346 534 4396 l.
556 4363 580 4412 p.
601 4357 642 4409 37.
680 4347 783 4396 Hauler.
804 4347 820 4398 l.
840 4346 856 4395 l.
875 4363 899 4410 p.
921 4356 963 4406 37.
1008 4394 1013 4412 ,

266 4437 286 4508 ³)
307 4441 410 4490 Poetam
436 4439 592 4503 aliquamdiu
614 4438 714 4503 hymnis
740 4455 842 4504 operam
866 4449 972 4486 navasse
999 4435 1112 4486 Haulero
1136 4449 1171 4483 vs.
1198 4446 1258 4498 213.
1278 4449 1329 4500 seq.
1349 4434 1458 4488 indicare

159 4533 287 4583 videntur:
308 4532 379 4582 locus
397 4533 458 4581 nihil
477 4532 550 4590 valet,
569 4533 678 4582 imitatur
696 4537 773 4594 poeta
792 4532 877 4595 hymn.
897 4528 1001 4578 Homer.

267 4623 288 4689 ⁴)
308 4625 348 4673 De
369 4624 516 4674 »Heroiuisc
537 4625 602 4674 infra
620 4638 732 4691 agemus.

265 4715 284 4785 ⁵)
305 4716 344 4766 Cf.
364 4717 472 4766 Meinelr.
492 4717 525 4766 ad
545 4717 616 4765 VIII.
641 4728 683 4780 33.
