3500 5498
792 508 830 573 53

707 585 918 594 ›am—”0—

165 722 265 782 quem
295 711 428 784 poetam
458 702 640 764 bucolicum
673 714 742 768 tum
773 699 984 770 clarissimum
1016 701 1112 770 fuisse
1142 707 1366 774 demonstrant
1394 730 1456 772 vss.

164 813 240 878 inde
264 832 284 873 a
308 828 366 893 27:
674 797 677 803 ’

325 923 449 1005 Λνιιίὸα
471 925 555 1003 φίλε,
580 926 680 1004 φαντί
703 949 745 990 τυ
768 925 891 1002 πάντες

326 1029 421 1118 ἐ’μμεν
445 1031 685 1117 συριγκτάν
705 1032 787 1118 μέγ)
809 1032 1040 1121 ὑπείροχον
1062 1035 1153 1102 ἕντι
1176 1047 1373 1122 νομεῦσιν

324 1138 390 1207 ἔνι)
414 1139 686 1227 ἀμητῆρεσσι,

164 1271 247 1332 quae
270 1253 393 1333 optime
417 1274 491 1314 cum
514 1254 551 1315 iis
574 1275 657 1335 quae
680 1255 894 1319 Callimachus
917 1258 957 1320 de
981 1279 1021 1320 eo
1045 1255 1168 1340 profert
1199 1261 1414 1328 consentiunt.

272 1361 485 1426 Sicelidae
507 1365 636 1426 nomine
652 1366 892 1448 Asclepiadem,
910 1368 1074 1433 Theocriti
1089 1378 1335 1452 praeceptorem
1349 1370 1454 1453 appel·

164 1473 265 1534 latum
297 1493 453 1535 essenon
483 1485 530 1536 est
558 1496 614 1536 cur
641 1496 707 1538 non
738 1477 905 1540 credamus
934 1477 1142 1545 scholiastae:
1174 1480 1293 1542 eodem
1323 1481 1453 1542 nomine

163 1585 263 1646 etiarn
293 1604 313 1663 a
343 1584 508 1664 Meleagro
539 1585 570 1646 in
594 1585 722 1648 Corona
755 1586 944 1670 (Σικελίδεώ
964 1584 995 1651 τ’
1018 1584 1145 1670 ἀνέμοις
1168 1583 1274 1652 ἄνθεα
1295 1588 1455 1672 φυόμενα)

162 1705 197 1756 et
225 1693 355 1775 Hedylo
378 1693 511 1776 (Athen.
536 1715 567 1760 x.
593 1714 623 1775 p.
651 1711 725 1774 473,
751 1696 795 1782 b.)
819 1697 991 1762 Σικελίόον
1014 1699 1120 1782 παίζει
1144 1697 1251 1764 πουλὺ
1273 1698 1452 1783 μελιχρότε-

163 1807 243 1889 ρον),
269 1824 351 1886 quos
376 1803 465 1866 locos
489 1804 684 1868 aMeinekio
708 1816 801 1870 antea
826 1809 891 1869 iam
914 1807 1086 1872 adnotatos
1109 1808 1303 1872 Fritzschius
1327 1830 1458 1892 quoque

162 1915 265 1987 affert,
290 1915 477 1997 appellatur.

270 2023 338 2087 Sub
363 2025 502 2104 Tityri
537 2025 668 2086 nomine
691 2025 731 2085 id.
759 2024 827 2086 Vll.
855 2040 904 2105 72.
930 2025 1028 2088 latere
1052 2028 1274 2091 Alexandrum
1298 2028 1456 2092 Aetolum

160 2135 338 2196 Meinekius
363 2135 415 2217 (ad
447 2135 516 2198 Vll.
545 2150 595 2215 72.
626 2135 665 2201 cs.
696 2155 728 2216 p.
763 2149 850 2213 314·
868 2139 948 2220 not.)
979 2155 1045 2198 non
1074 2139 1144 2202 sine
1173 2140 1280 2220 aliqua
1314 2141 1456 2202 veritatis

161 2246 271 2326 specie
295 2245 471 2307 coniecisse
503 2245 564 2307 sibi
593 2244 728 2306 videtur.
783 2243 903 2307 Contra
932 2247 1063 2325 scripsit
1089 2248 1282 2311 Fritzschius
1306 2249 1360 2329 (ad
1383 2249 1452 2312 Vll.

164 2357 228 2440 72.)
246 2356 322 2419 nihil
334 2356 464 2438 probari
477 2351 614 2418 'monens
640 2355 689 2416 his
700 2375 823 2436 argum.
844 2355 913 2422 Vll.
929 2354 1053 2419 verbis:
1089 2351 1282 2441 Ἀλέξανδρος
1298 2357 1333 2422 δέ
1354 2375 1455 2442 φησιν
1554 2349 1559 2356 ’

161 2461 180 2529 ὁ
209 2465 360 2540 Αἰτωλὸς
394 2461 461 2529 ὑπὸ
483 2463 649 2546 Δάφνιδος
683 2467 803 2560 μαθεῖν
837 2465 998 2548 Μαρσύαν
1037 2465 1099 2550 τὴν
1141 2463 1320 2552 αὐλητικήν
1356 2469 1454 2551 (vulg.

159 2577 223 2661 τὴν
244 2576 423 2660 μουσικήν).
470 2577 585 2657 Neque
614 2596 679 2656 ego
714 2576 830 2642 credo:
866 2584 916 2637 est
938 2575 1040 2656 Tityri
1075 2596 1203 2652 nomen,
1240 2579 1330 2641 cuius
1364 2579 1455 2641 notio

160 2689 391 2757 videtur.esse
426 2696 576 2749 ›cantor‹
592 2687 625 2768 ¹),
658 2687 866 2769 desumptum
897 2707 940 2748 ex
973 2688 1179 2774 popularium
1215 2689 1390 2763 cantilenis,
1424 2689 1456 2751 in

160 2799 277 2878 quibus
300 2799 379 2860 haec
402 2817 542 2879 persona
565 2797 686 2878 primas
709 2807 817 2878 partes
840 2797 966 2860 videtur
990 2776 1104 2878 egisse,
1131 2818 1196 2880 quo
1227 2798 1323 2861 simul
1354 2799 1452 2882 expli·

159 2917 249 2970 catur
272 2895 433 2982 articulus
459 2901 575 2971 eumd
610 2909 743 2992 Τίτνρος
767 2910 915 2988 designet
947 2904 1020 2973 κατ’
1043 2905 1157 2992 ἐξοχὴν
1188 2918 1354 2972 cantorem
1388 2930 1452 2971 car·

160 3019 284 3080 minum
308 3020 536 3082 bucolicorum.
755 3083 758 3094 ,

267 3130 588 3193 Detibicinibus
604 3129 863 3192 Acharnensi
882 3138 920 3190 et
935 3129 1162 3212 Aetolo(vs.
1180 3145 1228 3210 71.
1246 3130 1454 3213 72.)0mnino

160 3240 204 3302 nil
220 3241 299 3302 certi
314 3239 448 3322 proferri
465 3249 583 3320 potest.
624 3239 706 3302 Cum
723 3249 831 3302 autent
848 3240 1077 3302 Acharnenses
1091 3240 1189 3303 tibiae
1206 3248 1301 3302 cantu
1317 3239 1453 3302 exellen-

159 3360 209 3413 tes
226 3350 370 3412 extitisse
393 3351 533 3411 indicare
557 3351 704 3412 videatur
727 3351 818 3412 locus
834 3351 942 3412 Nonni
963 3351 1098 3431 Dionys
1120 3351 1250 3414 XLVII.
1274 3367 1336 3425 22.,
1355 3370 1454 3431 quem

161 3461 253 3523 affert
275 3459 422 3522 Meiueke
447 3460 499 3542 (de
523 3460 657 3541 Lycope
677 3459 827 3522 Aetoliae
852 3460 930 3522 urbe
954 3460 996 3522 nil
1017 3461 1157 3545 scimus),
1182 3461 1375 3524 Theocritus
1390 3460 1454 3524 hoc

159 3571 389 3633 tantummodo
412 3571 537 3632 videtur
553 3570 759 3648 designasse:
785 3571 921 3633 aderunt
944 3571 1021 3634 mihi
1038 3571 1103 3634 duo
1120 3572 1267 3634 tibicines
1283 3571 1446 3653 praeclari.

267 3682 318 3746 De
336 3681 528 3744 Aristide
544 3701 683 3762 quoque.
701 3701 798 3763 quern
816 3692 949 3763 poetam
965 3681 1063 3744 fuisse
1080 3682 1148 3762 ipse
1165 3679 1356 3743 Theocritus
1381 3681 1458 3743 dicit

161 3792 212 3873 (ci.
237 3813 284 3856 vs.
312 3809 380 3859 100.
406 3792 498 3873 σεο),
523 3791 582 3853 viri
606 3791 693 3852 docti
717 3791 918 3854 coniecturas
941 3792 1149 3875 protulerunt.
1187 3791 1346 3872 Bergkius
1372 3791 1457 3852 enim

161 3911 272 3966 censet
295 3903 323 3984 (l.
350 3902 383 3985 1.)
407 3903 470 3964 hoc
494 3901 624 3963 nomine
640 3899 809 3982 significari
827 3900 1050 3964 Aristarchum
1067 3899 1213 3964 Samium
1229 3910 1458 3962 astronomum.

162 3997 409 4085 nobilissimum
427 4032 524 4092 quern
541 4012 673 4093 quidem
686 4013 776 4092 poesi
790 4032 924 4093 operam
942 4012 1068 4074 dedisse
1088 4012 1291 4092 ignoramus:
1309 4009 1457 4072 Meiueke

162 4123 216 4207 (ad
240 4122 307 4185 Vll.
339 4123 424 4205 100.)
469 4121 592 4184 Aristin
616 4124 792 4204 quemdam
820 4123 902 4184 inter
924 4121 1148 4187 Eratosthenis
1172 4119 1346 4202 discipulos
1371 4137 1459 4181 com·

161 4233 335 4296 memorari
357 4253 376 4294 a
400 4232 502 4295 Suida
526 4233 671 4306 adnotat,
695 4253 790 4314 quem
816 4240 926 4294 tamen
950 4230 1124 4294 Theocrito
1148 4239 1256 4293 aetate
1273 4229 1374 4292 multo
1398 4230 1453 4292 mi-

162 4363 274 4406 norem
299 4342 396 4405 suisse
420 4339 513 4405 facile
534 4343 735 4425 perspicitur.
776 4343 841 4404 Res
866 4343 963 4422 igitur
984 4341 1196 4404 incertissima
1219 4349 1278 4403 est.
1314 4339 1366 4401 Ex
1389 4359 1457 4401 ver-

272 4611 289 4683 ¹)
313 4619 385 4663 TYP
403 4615 428 4663 in
449 4614 509 4664 dial.
530 4614 607 4662 doric.
627 4627 702 4690 sever.
722 4612 738 4663 i.
758 4628 781 4677 q.
799 4617 825 4662 Σ
832 4617 874 4661 ΥΡ
894 4609 936 4680 (cs.
953 4609 1063 4660 Meinek.
1083 4610 1116 4658 ad
1133 4610 1166 4660 id.
1186 4611 1206 4661 1.
1221 4621 1244 4673 3.
1270 4609 1375 4657 Ahrens.
1390 4608 1457 4658 Dial.

163 4707 222 4756 Dor.
243 4727 267 4776 p.
289 4707 341 4774 64.)
364 4709 504 4776 (rapitur,
528 4704 654 4776 susurro);
678 4713 774 4775 Tr-rup
793 4705 907 4770 reduplic
936 4714 962 4754 ut
983 4709 1086 4776 Σισυφ
1107 4705 1139 4753 al.
1345 4707 1347 4712 “
