3500 5498
738 515 779 578 39

5 739 11 788 l
108 720 286 785 venustate,
304 721 373 774 tum
390 711 585 792 hymnorum
599 712 884 775 Callimacheorum
901 713 1092 776 tenuitatem
1109 716 1241 778 omniuo
1259 725 1399 798 superat.

109 821 203 904 Sapit
224 821 288 883 hoc
305 821 446 902 idyllium
464 823 629 886 hominem
646 823 811 904 quendam
828 822 919 884 valde
937 824 1069 886 doctum
1094 833 1126 887 et
1150 823 1275 887 fabulas
1298 834 1402 888 vetus-

107 941 157 994 tas
182 942 215 994 et
246 932 353 994 literas
384 953 517 1012 graecas
547 934 659 996 sedulo
691 934 940 1015 perlustrantem
976 944 1008 1005 et
1030 945 1265 1018 peragrantem,
1290 936 1406 1020 quibus

107 1051 195 1105 recte
217 1044 441 1106 abstinuerunt
463 1044 656 1106 Theocritus
681 1053 714 1106 et
741 1044 951 1108 >Moschum
976 1065 1049 1107 curn
1066 1045 1236 1118 MoscheiS,
1262 1045 1325 1109 hoc
1345 1065 1405 1128 pro

107 1162 197 1214 certo
210 1151 371 1215 affirmare
386 1153 490 1227 velim,
516 1173 654 1234 quorum
674 1155 932 1236 unumquodque
956 1175 1053 1217 omne
1077 1154 1137 1217 fert
1153 1166 1318 1238 punctum,
1343 1155 1406 1218 hoc

107 1282 237 1326 carmen
262 1263 304 1325 nli
326 1283 499 1326 commune
524 1264 632 1327 habet.

215 1372 416 1453 Quaeramus
441 1395 524 1436 nunc
548 1375 589 1436 de
616 1374 789 1437 »Amore
817 1373 1035 1456 fugitivo«,
1060 1376 1151 1437 cuius
1174 1386 1404 1457 argumentum

106 1493 140 1546 et
163 1503 272 1546 sermo
288 1483 500 1546 Theocritum
524 1494 690 1548 auctorem
713 1495 855 1548 statuere
878 1505 937 1548 nos
959 1506 1024 1548 non
1048 1495 1154 1552 vetat:
1179 1486 1219 1547 de
1242 1488 1337 1549 codd.
1363 1487 1402 1553 cf.

105 1596 146 1658 ed
165 1593 302 1656 Ahrens.
321 1605 354 1656 et
369 1593 540 1659 Fritzsche.
567 1596 631 1678 (ed.
657 1597 729 1668 mai,
756 1616 823 1677 arg.
841 1596 980 1662 Theocr.
1005 1595 1045 1657 id.
1065 1595 1175 1676 XIX).
1219 1596 1402 1660 Oblocutus

105 1714 219 1768 autem
243 1716 291 1767 est
313 1705 506 1768 Fritzschius
530 1706 562 1768 in
585 1716 778 1788 argumento
802 1706 942 1769 Theocr.
967 1706 1008 1771 id.
1033 1705 1129 1779 xlx,
1156 1705 1209 1768 ubi
1233 1706 1405 1770 discrimen

106 1835 209 1896 grave
226 1817 425 1880 intercedere
449 1818 579 1899 scripsit
601 1816 685 1879 inter
700 1817 869 1890 Amorem,
896 1815 1024 1901 qualem
1046 1816 1106 1878 sibi
1130 1816 1277 1879 finxisset
1300 1818 1405 1880 Theo-

104 1927 205 1988 critus
237 1925 351 2011 (βαρὺν
375 1926 457 1991 θεόν
480 1928 532 1990 Ill.
564 1929 627 2010 15.)
658 1927 853 2010 qualemque
875 1928 956 1990 Bion
987 1937 1019 1990 et
1041 1925 1213 1990 Moschus:
1246 1929 1404 1992 Amorem

104 2037 339 2100 Theocriteum
364 2059 435 2100 esse
459 2040 558 2101 deum
583 2057 732 2100 severum
753 2046 786 2099 et
815 2057 958 2118 gravem,
977 2038 1134 2100 Bioneum
1158 2049 1191 2100 et
1213 2039 1404 2103 Moscheum

102 2168 244 2229 puerum
268 2147 432 2222 blandum,
457 2149 573 2222 levem,
598 2146 800 2209 audaculum.
847 2146 1058 2210 Theocritum
1081 2167 1158 2210 vero
1191 2169 1263 2211 eam
1286 2150 1403 2231 legem,

102 2268 141 2321 ut
157 2257 318 2320 Amorem
332 2259 499 2321 induceret
514 2278 644 2340 semper
666 2256 771 2342 βαρὺν
793 2258 884 2332 θεόν,
911 2258 970 2319 sibi
987 2279 1052 2320 non
1068 2260 1282 2335 constituisse,
1308 2261 1405 2324 docet

101 2369 216 2431 statim
239 2369 410 2431 exordium
433 2370 474 2435 id.
500 2369 590 2433 XIII:
616 2365 676 2452 οὐχ
700 2365 777 2452 ἁμῖν
798 2369 858 2434 τὸν
877 2363 1003 2454 Ἔρωτα
1025 2367 1135 2451 μόνοις
1158 2365 1250 2454 ἔτεχ’,
1273 2364 1318 2445 ὡς
1340 2368 1405 2435 ἐδο-
1473 2385 1477 2400 ’

106 2487 234 2563 κεῦμες,
252 2477 261 2568 ll
275 2481 385 2556 Νικία,
409 2469 503 2564 ᾧτινι
520 2488 619 2544 τοῦτο
642 2483 732 2544 θεῶν
747 2503 834 2544 ποκα
856 2480 1011 2545 τέκνον
1026 2475 1138 2562 ἔγεντο
1153 2479 1176 2563 ¹)
1201 2482 1237 2564 (c.
1266 2481 1400 2564 scholi),

101 2590 160 2652 ubi
184 2591 281 2672 igitur
312 2590 380 2671 ipse
412 2612 545 2674 quoque
567 2591 726 2654 Amorem
757 2611 892 2672 puerum
922 2591 1026 2653 levem
1056 2590 1186 2655 inducit.
1232 2591 1404 2654 Praeterea

100 2701 167 2763 hoc
193 2721 326 2784 quoque
350 2702 469 2782 aliquid
493 2700 588 2775 valet,
616 2701 705 2783 quod
729 2700 923 2764 Theocritus
946 2701 1040 2763 variis
1063 2700 1142 2763 locis
1176 2700 1227 2784 (ci.
1254 2701 1322 2764 VII.
1348 2702 1400 2781 96.

106 2828 182 2892 117.
208 2811 275 2873 xil:
306 2828 353 2874 10.
378 2811 449 2875 XV.
481 2828 551 2877 120.
575 2811 678 2877 XVII.
706 2812 770 2893 51.)
816 2811 975 2873 Amorum
999 2809 1116 2874 levium
1147 2810 1325 2892 seduloque
1346 2811 1401 2874 ho-

102 2923 232 2984 minum
255 2922 380 2984 animos
413 2921 541 3002 sagittis
565 2920 814 3004 perfodientium
839 2918 931 2984 sicuti
954 2921 1035 2983 Bion
1058 2929 1091 2982 et
1113 2919 1267 2983 Moschus
1290 2921 1401 2982 menti-

101 3051 205 3095 onem
230 3030 321 3093 fecit:
348 3052 388 3094 ne
412 3033 493 3094 Bion
518 3033 650 3113 quidem
666 3051 795 3114 semper
817 3032 976 3094 Amorem
997 3030 1093 3094 talem
1117 3031 1246 3103 inducit,
1273 3031 1400 3110 qualem

102 3143 175 3205 vult
200 3141 401 3217 Fritzschius
427 3142 466 3208 cs.
492 3162 622 3206 carmm.
649 3142 702 3204 IV.
729 3142 821 3226 (Ahr.
838 3142 936 3224 VIII.)
960 3151 993 3204 et
1015 3142 1097 3204 XIII.
1118 3141 1259 3224 (Ahrens
1275 3142 1399 3223 XVII),

101 3253 226 3336 quibus
251 3252 330 3314 deus
354 3273 483 3315 severus
507 3262 540 3315 et
561 3254 804 3336 potentissimus
830 3253 1027 3317 describitur.
1075 3253 1188 3333 Itaque
1211 3272 1250 3313 ea
1281 3252 1399 3333 regula,

102 3384 206 3444 quam
230 3362 299 3425 vult
322 3363 524 3438 Fritzschius,
550 3385 662 3426 revera
684 3385 748 3426 non
774 3373 895 3438 exstat;
921 3363 1043 3445 pendet
1066 3362 1198 3426 Amoris
1221 3371 1334 3424 natura
1359 3383 1401 3425 ex

101 3473 306 3554 singulorum
330 3474 512 3554 idylliorum
537 3476 678 3541 ratione:
704 3484 773 3537 tum
797 3495 877 3558 puer
901 3474 988 3548 levis,
1014 3483 1084 3535 tum
1113 3472 1191 3534 deus
1216 3473 1323 3552 gravis
1347 3481 1400 3536 est

102 3584 206 3666 Quod
230 3593 341 3646 autern
364 3584 407 3645 ad
431 3583 645 3648 elocutionem
670 3593 703 3648 et
726 3585 997 3666 compositionem
1025 3583 1119 3645 huius
1150 3583 1298 3645 carminis
1332 3584 1402 3645 atti·

102 3704 162 3760 net
186 3694 337 3776 equidem
361 3714 426 3756 non
449 3693 544 3757 video
569 3695 744 3779 quidquam
776 3703 897 3768 extare,
931 3695 1019 3777 quod
1048 3713 1161 3756 revera
1184 3714 1203 3756 a
1226 3693 1399 3767 Theocriti,

100 3812 227 3888 poetae
249 3803 470 3879 Alexandrini,
495 3823 612 3885 genere
634 3804 817 3869 abhorreat.

214 3913 263 3976 De
287 3914 482 3978 carminibus
504 3915 637 3998 Europa
659 3925 691 3978 et
711 3915 847 3994 Megara
871 3914 1035 3977 Theocriti
1057 3913 1199 3977 heroinis
1220 3913 1400 3977 asserendis

101 4043 205 4107 supra
228 4031 337 4086 actum
361 4033 418 4086 est.

213 4133 282 4196 Iam
304 4135 498 4199 accedamus
521 4135 563 4198 ad
586 4155 626 4198 ea
649 4135 798 4209 carmina,
831 4154 913 4214 quae
936 4133 1137 4217 Stobaeus')
1161 4131 1197 4197 ἐκ
1223 4140 1291 4197 τῶν
1315 4131 1401 4197 Μόσ-

98 4267 166 4328 χου
188 4246 392 4322 βουκολικῶν
415 4246 510 4310 uobis
525 4245 673 4319 servavit,
698 4265 836 4327 quorum
853 4245 973 4308 nullum
990 4264 1096 4308 essee
1112 4263 1231 4326 genere
1249 4243 1399 4306 bucolico

101 4355 328 4438 unusquisque
357 4357 454 4419 videt.
503 4356 614 4440 Atque
642 4356 785 4418 carmina
812 4356 942 4435 quidem
975 4355 1015 4419 V.
1041 4353 1088 4434 (ut
1111 4353 1210 4434 vulgo
1235 4373 1400 4416 numeran-

220 4621 235 4694 ')
260 4624 322 4674 »Cui
341 4626 382 4674 hic
400 4641 461 4690 puer
479 4632 552 4674 natus
572 4633 633 4675 est«

214 4714 234 4785 ²)
254 4717 337 4768 Unum
356 4718 459 4771 servavit
473 4718 574 4768 Anthol.
595 4718 646 4767 Pal.
667 4717 697 4767 ci.
720 4717 824 4766 Abrens.
844 4717 883 4768 ed.
903 4717 952 4766 vol.
971 4717 990 4765 1.
1011 4716 1042 4764 de
1062 4731 1162 4766 carmm.
1182 4714 1395 4782 inscriptionibus.
