3500 5498
916 479 955 557 36

290 694 366 758 dass
385 695 461 777 jene
483 693 601 758 Lieder
622 692 679 756 des
706 708 734 774 7.
759 693 857 774 ldyll's
880 693 926 757 als
950 695 1000 756 eiu
1024 693 1222 775 Uebergang
1246 715 1284 756 zu
1307 695 1370 758 den
1393 698 1515 759 andern
1547 719 1583 759 zu

292 806 480 870 betrachten
503 805 611 869 sindl‹
637 803 730 885 Quae
754 805 780 867 si
803 805 946 886 sequeris
980 806 1186 870 statuendum
1210 805 1267 868 tibi
1290 816 1348 880 est,
1372 807 1584 870 Theocritum

290 918 539 990 adolescentem,
578 917 730 998 quoniam
754 917 781 978 is
811 926 911 999 poeta
939 917 1066 998 lyricus,
1106 917 1160 996 qui
1202 917 1351 998 proxime
1380 897 1516 980 accedat
1543 919 1584 980 ad

291 1028 494 1114 popularium
517 1027 791 1108 imaginationem,
824 1027 892 1088 iure
915 1046 1060 1088 summus
1084 1025 1221 1088 habetur
1244 1035 1342 1089 etex
1364 1027 1486 1090 Holmii
1517 1049 1583 1090 sen-

290 1141 391 1204 tentia
402 1138 545 1202 carmina
554 1137 719 1202 Theocriti
731 1136 945 1200 adolescentis
957 1137 1035 1217 (sive
1048 1156 1131 1218 quae
1144 1135 1251 1198 insunt
1267 1136 1298 1200 in
1315 1137 1359 1202 id.
1374 1138 1460 1220 VH.)
1478 1139 1581 1219 magis

292 1249 491 1333 respondent
512 1258 680 1331 pastorum
711 1267 861 1310 verorum
894 1246 1090 1310 carminibus
1118 1266 1216 1327 quarn
1249 1249 1439 1330 posteriora,
1464 1250 1584 1313 maiore

291 1359 389 1424 laude
412 1359 542 1440 poetica
552 1358 710 1434 ,floruisse
734 1379 832 1441 quam
855 1359 970 1424 virum!

398 1469 465 1532 Iarn
494 1489 703 1550 quaeramuS,
738 1489 804 1551 quo
834 1478 983 1550 ternpore
1017 1467 1237 1546 compositum
1267 1469 1306 1530 sit
1338 1469 1482 1550 idyllium
1513 1469 1582 1533 Vll.

290 1581 425 1645 Poetam
450 1589 557 1642 autern
589 1579 747 1659 temporis
775 1577 943 1642 intervallo
965 1578 1043 1641 satis
1064 1597 1183 1658 magno
1206 1578 1372 1642 interiecto
1397 1590 1473 1662 post
1495 1580 1582 1643 illum

292 1691 387 1763 diem,
413 1690 465 1772 qui
496 1690 675 1753 celebretur
705 1710 761 1768 eo,
777 1689 929 1763 carmine,
960 1687 1124 1770 scripsisse
1148 1687 1211 1751 hoc
1235 1687 1377 1768 idyllium
1402 1700 1489 1754 recte
1512 1711 1584 1753 con-

295 1801 425 1863 cludere
448 1800 525 1864 mihi
549 1801 661 1863 videor
676 1821 718 1862 ex
734 1799 883 1862 carminis
907 1799 997 1862 initio
1013 1792 1050 1883 ἦς
1071 1796 1190 1883 χρόνος
1204 1793 1291 1864 dle'
1313 1797 1386 1883 ἐγώ,
1411 1801 1470 1879 ¹fuit
1485 1821 1584 1883 quon·

293 1910 369 1974 dam
393 1920 533 2000 tempus,
556 1931 651 1973 curn.
670 1959 697 1976 ..
716 1909 746 1994 ¹),
771 1931 836 1994 qua
857 1909 981 1972 exordii
1007 1908 1145 1972 formula
1168 1919 1267 1991 poeta
1282 1931 1333 1974 res
1355 1911 1451 1973 huius
1474 1912 1585 1974 carmi-

293 2021 342 2084 nis
366 2017 440 2084 ante
463 2020 581 2126 multos
604 2041 706 2083 annos
728 2030 818 2084 actas
842 2041 912 2083 esse
933 2020 1132 2109 significavit.
1155 2072 1157 2076 .
1178 2020 1267 2084 Idem
1297 2042 1413 2104 sapere
1436 2022 1586 2085 videntur

293 2150 404 2194 versus
427 2129 529 2194 ultimi
554 2137 608 2215 (15
616 2144 641 2210 5.
668 2132 787 2214 seqq.):

857 2230 895 2316 ἇς
917 2239 970 2305 ἐπὶ
994 2243 1092 2324 σαιρῴ
1116 2233 1267 2324 (Cereris)

453 2343 546 2427 αὖτις
568 2347 631 2434 ἐγὼ
655 2349 792 2434 irrigatur
809 2350 889 2434 μέγα
911 2351 1028 2428 πτύον,
1053 2346 1073 2413 ci
1097 2349 1130 2414 δὲ
1153 2349 1305 2433 γελάσσαι

452 2460 621 2547 δράγματα
642 2461 697 2525 καὶ
717 2460 872 2544 μα’κωνας
893 2458 930 2525 ἐν
952 2457 1186 2544 ἀμφοτέραισιν
1209 2457 1334 2543 ἔχοισα,

293 2572 410 2655 quibus
434 2583 533 2654 poeta
548 2592 649 2634 senex
671 2572 838 2634 resuscitat
853 2571 1044 2634 memoriam
1068 2570 1131 2632 diei
1154 2569 1334 2636 hilarissimi
1357 2571 1448 2640 illius,
1496 2573 1585 2636 Prae·

294 2691 382 2748 terea
405 2693 514 2747 autern
538 2683 601 2745 hoc
625 2681 769 2764 idyllium
792 2691 883 2744 tanta
905 2681 1062 2744 sermonis
1085 2689 1117 2743 et
1148 2680 1394 2762 compositionis
1424 2680 1585 2763 elegantia

296 2802 329 2856 et
350 2794 491 2856 candore
507 2793 662 2875 scriptum
686 2800 743 2866 est,
769 2801 803 2854 ut
819 2793 952 2856 omnino
973 2800 1091 2873 aequet
1115 2811 1162 2865 ea,
1186 2811 1269 2873 quae
1285 2795 1471 2875 composuit
1486 2804 1585 2875 poeta

295 2923 421 2966 summa
443 2901 641 2985 perfectione
658 2902 792 2976 florens;
817 2923 858 2964 ex
880 2923 944 2984 qua
967 2922 1001 2963 re
1015 2902 1168 2982 sequitur,
1194 2912 1326 2985 poetam
1343 2903 1584 2967 adolescentem

294 3021 327 3076 et
349 3013 528 3076 discentem
550 3032 614 3075 non
638 3011 820 3074 condidisse
844 3013 876 3074 id
892 3012 961 3075 VII.
980 3011 1090 3092 Spirat
1105 3033 1181 3074 sane
1197 3012 1259 3075 hoc
1275 3033 1406 3076 carmen
1422 3035 1584 3076 summam

296 3123 489 3186 hilaritatem
513 3121 701 3184 invenilem:
725 3131 757 3184 at
779 3143 858 3184 cave
883 3123 994 3184 credas
1017 3143 1090 3185 eam
1113 3124 1157 3186 ob
1179 3143 1310 3186 causam
1326 3123 1469 3204 idyllium
1493 3124 1585 3207 eripi·

294 3234 415 3296 endum
439 3253 509 3295 esse
525 3241 642 3314 poetae
666 3241 771 3294 aetate
788 3233 989 3314 provectiori.
1036 3232 1230 3295 Theocritus
1253 3233 1339 3295 enim
1364 3235 1461 3296 etiam
1484 3253 1586 3296 senex

296 3364 369 3406 eam
398 3343 537 3406 servavit
565 3343 662 3404 animi
697 3341 888 3404 hilaritatem
920 3354 953 3405 et
983 3343 1222 3415 iucunditatem,
1260 3364 1323 3424 qua
1352 3343 1488 3407 floreant
1517 3344 1588 3407 eius

295 3453 414 3535 idyllia,
440 3461 473 3514 et
488 3453 645 3514 memoria
669 3453 730 3515 diei
745 3452 911 3515 laetissimi
935 3462 1020 3515 certe
1043 3461 1171 3515 tanturn
1194 3451 1302 3525 valuit,
1326 3463 1362 3516 ut
1386 3455 1482 3516 etiarn
1499 3455 1585 3517 senis

296 3563 394 3626 animi
418 3571 646 3636 recrearentur,

956 3691 1022 3751 quo
1045 3671 1081 3734 fit
1105 3682 1140 3735 ut
1163 3673 1268 3735 omnis

455 3782 576 3847 Votiva
598 3791 709 3865 pateat
733 3782 828 3846 veluti
850 3781 1010 3863 descripta
1034 3781 1152 3845 tabella

455 3892 533 3955 Vita
557 3893 653 3954 senisl

401 4004 467 4065 Res
483 4003 579 4083 igitur
601 4001 695 4064 huius
718 4001 867 4064 carminis
888 4001 1018 4080 sapiunt
1041 4001 1240 4064 inventutem
1256 4003 1414 4079 floridam,
1432 4025 1538 4068 sermo
1554 4015 1589 4068 et

298 4112 493 4196 compositio
517 4132 677 4175 summam
699 4110 865 4175 Theocriti
889 4111 966 4172 artis
988 4111 1137 4189 poeticae
1160 4113 1399 4193 perlectionem.

403 4221 562 4285 Haulerus
584 4231 692 4285 autem
721 4220 750 4303 (l.
774 4220 794 4286 l.
818 4238 850 4299 p.
874 4220 939 4304 62.)
963 4219 1062 4282 hasce
1092 4223 1298 4303 quaestiones
1329 4223 1424 4308 plane
1447 4224 1591 4288 diversas

296 4333 497 4396 confundens
519 4332 631 4395 statuit
661 4331 755 4397 haec:
781 4330 974 4393 Theocritus
999 4328 1105 4394 Sicilia
1127 4333 1171 4395 ob
1206 4332 1279 4396 belli
1309 4333 1464 4396 turnultus
1494 4335 1589 4418 (circa

299 4513 561 4524 —————-——..--..-

409 4599 427 4671 ¹)
447 4602 485 4651 Cf.
499 4601 562 4651 Plat.
578 4601 678 4666 Protag.
694 4618 718 4667 p.
733 4612 792 4663 320.
812 4617 848 4652 c.:
867 4591 1005 4684 ἦνχρόνος
1023 4595 1066 4652 ὅτε
1080 4600 1145 4651 θεοὶ
1163 4600 1218 4670 μὲν
1237 4594 1304 4664 ἦσαν
1326 4603 1384 4654 κτλ.
1408 4612 1433 4652 et
1445 4603 1507 4653 alios
1519 4604 1589 4654 locos

298 4712 361 4764 quos
379 4695 468 4763 colleg.
490 4693 605 4744 Fritzsch.
627 4694 665 4742 ed.
686 4694 743 4742 mai.
