3500 5498
932 529 950 589 8

292 749 452 830 Bergkius
468 749 501 828 ¹),
526 747 615 828 quod
639 752 725 806 certe
745 763 810 804 non
827 742 1006 823 scripsisset
1023 751 1131 823 poeta,
1158 742 1184 802 si
1210 740 1354 803 medicus
1379 740 1429 803 ille
1453 740 1594 802 celeber·

293 862 393 924 rimus
416 867 507 941 pater
530 857 598 918 eius
620 853 740 918 suisset.
787 854 839 915 Ex
861 853 976 914 aetatis
999 852 1130 933 quidem
1155 853 1280 913 ratione
1297 851 1499 931 Praxagoras
1523 870 1589 912 rne-

294 973 395 1044 dicus,
419 989 492 1031 cum
517 973 710 1050 praeceptor
738 963 922 1024 nominetur
944 961 1137 1035 Erasistrati,
1170 961 1281 1022 Niciae
1310 961 1414 1035 amici,
1447 961 1501 1042 qui
1525 961 1596 1042 ipse

295 1090 364 1144 erat
385 1077 549 1142 Theocriti
574 1076 696 1138 amicus
721 1072 774 1158 (ci.
792 1072 1030 1154 id.'X[.X111.)‚
1055 1070 1222 1133 Theocriti
1249 1079 1342 1152 pater
1358 1070 1456 1133 fuisse
1472 1079 1593 1151 potest.

296 1191 451 1254 Philinam
475 1197 584 1251 autem
607 1195 745 1248 matrem
769 1204 810 1246 ex
834 1182 953 1244 Coensi
985 1191 1085 1263 gente
1108 1182 1282 1244 clarissima
1303 1191 1407 1244 ortam
1431 1203 1502 1246 esse
1523 1191 1595 1245 tota

294 1301 496 1383 computatio
518 1306 627 1359 nostra
651 1294 796 1357 docebit:
821 1294 911 1374 quod
935 1293 1066 1373 quidem
1092 1293 1155 1355 iam
1178 1313 1218 1354 eo
1242 1296 1481 1375 comprobatur,
1504 1295 1594 1376 quod

220 1465 223 1472 .
295 1414 326 1474 in
358 1411 461 1494 epigr.
490 1409 509 1470 l.
540 1405 721 1488 appellatur
749 1403 944 1487 περικλειτὴ.
991 1402 1130 1485 Saepius
1160 1413 1270 1465 autem
1303 1403 1416 1466 Philini
1449 1403 1593 1467 Coenses

295 1522 517 1583 nominantur:
545 1516 760 1578 inclaruerunt
788 1514 932 1596 inprimis
954 1513 1097 1575 Philinus
1131 1513 1285 1586 medicus,
1311 1513 1481 1596 Herophili
1503 1515 1593 1577 disci-

294 1631 397 1714 pulus,
435 1627 564 1691 scholae
601 1625 782 1707 empiricae,
819 1644 904 1704 quae
939 1632 1083 1696 vocatur,
1118 1631 1232 1684 auctor
1242 1623 1277 1702 ²),
1311 1624 1365 1704 qui
1390 1623 1594 1707 Asclepiadis

294 1739 577 1809 adnumerabatur,
603 1744 635 1798 et
650 1736 753 1797 victor
776 1734 827 1795 ille
844 1732 1080 1805 celeberrimus,
1107 1735 1151 1795 de
1174 1753 1240 1815 quo
1256 1734 1349 1800 Paus.
1367 1735 1486 1815 6.17.2.
1512 1734 1594 1798 haec

295 1850 406 1916 refert:
437 1850 571 1914 Φιλῖνον
595 1844 627 1909 δὲ
649 1842 678 1910 οἱ
702 1847 792 1926 Κῷοι
816 1841 910 1929 δόξης
934 1839 1027 1907 ἕνεκα
1051 1839 1223 1906 ἀνέθεσαν·
1251 1840 1287 1907 ἐν
1309 1843 1370 1927 μέν
1392 1867 1427 1927 γε
1446 1846 1597 1934 Ολυμπὶᾳ

294 1959 415 2044 δρόμου
438 1955 609 2040 γεγόνασιν
632 1950 724 2038 αὐτῷ
750 1967 837 2018 νῖκαι
860 1953 969 2031 πέντε,
997 1952 1150 2035 τέσσαρες
1181 1953 1213 2016 δὲ
1236 1957 1349 2019 Πυθοῖ
1368 1956 1423 2019 καὶ
1446 1954 1511 2019 ἰ’σαι
1534 1961 1595 2022 Νε-

294 2071 405 2154 μείων,
427 2066 462 2132 ἐν
478 2067 511 2131 δὲ
537 2061 654 2148 Ἰσθμῷ
674 2066 731 2148 μία
754 2062 808 2127 ἐπὶ
828 2075 900 2137 ταῖς
923 2063 1007 2126 dexo.
1054 2061 1100 2125 Cf.
1119 2073 1288 2144 praeterea
1310 2065 1399 2147 Papii
1422 2065 1593 2129 Onomast.

294 2202 319 2246 s.
344 2201 373 2244 v.
410 2181 550 2250 Φιλῖνος.
595 2176 766 2239 Praeterea
798 2175 868 2255 ipse
899 2172 1093 2234 Theocritus
1123 2173 1164 2234 id.
1198 2173 1267 2236 VII.
1299 2189 1367 2253 105.
1399 2180 1480 2250 118.,
1506 2177 1594 2240 cuius

295 2311 345 2353 res
369 2291 400 2351 in
423 2287 525 2350 insula
540 2286 588 2350 Co
605 2294 714 2368 gestas
738 2304 809 2346 esse
832 2281 912 2344 infra
928 2282 1118 2354 videbimus,
1145 2282 1286 2366 appellat
1304 2285 1468 2347 Philinum
1497 2308 1594 2368 quen-

295 2401 370 2462 dam
394 2397 488 2462 Arati
519 2397 677 2469 amicum,
702 2395 791 2457 cuius
822 2411 941 2453 nomen
972 2390 1084 2453 fictum
1116 2413 1187 2456 esse
1218 2405 1328 2456 censet
1351 2395 1516 2458 Fritzsche
1539 2399 1594 2480 (ad

294 2509 365 2573 Vll.
394 2509 489 2590 105).
536 2507 647 2586 Atque
677 2485 778 2586 puero
813 2501 944 2582 quidem
974 2501 1112 2566 delicato
1136 2503 1177 2565 ab
1202 2504 1332 2565 amandi
1363 2506 1464 2567 verbo
1488 2510 1595 2586 φιλεῖν

296 2639 414 2682 nomen
439 2617 508 2679 dari
540 2616 684 2695 potuisse
716 2612 871 2675 ficticium
895 2611 1081 2693 (Fritzsche.
1115 2612 1132 2673 l.
1158 2613 1192 2695 l.)
1217 2614 1385 2695 probabile
1412 2626 1499 2679 certe
1528 2628 1594 2694 est;

295 2730 352 2792 sed
377 2748 449 2790 cum
474 2745 605 2788 carmen
628 2723 698 2786 Vll.
722 2723 934 2785 Theocritum
960 2721 1008 2786 Co
1031 2725 1182 2787 iuvenum
1207 2723 1413 2786 nobilissimis
1436 2725 1514 2788 locis
1545 2748 1596 2790 na·

296 2850 402 2902 torum
436 2836 669 2899 consuetudine
702 2832 860 2896 fruentem
883 2832 1013 2893 inducat
1046 2841 1080 2894 et
1101 2832 1299 2895 Philinorum
1332 2854 1452 2896 nomen
1488 2836 1595 2918 ipsum

183 2955 190 2974 '
296 2969 426 3030 quoque
455 2948 536 3008 inter
567 2943 776 3007 celeberrima
807 2941 981 3006 Coensium
1009 2941 1198 3015 inveniatur,
1231 2944 1329 3006 etiam
1360 2944 1453 3006 huius
1483 2945 1595 3008 Philini

295 3078 415 3122 nomen
440 3065 572 3128 rectum,
598 3076 663 3117 non
686 3052 798 3115 fictum
822 3051 900 3113 mihi
924 3052 1154 3115 videturesse.
1202 3053 1314 3116 Alium
1337 3054 1496 3118 Philinum
1523 3056 1597 3139 (τὸν

294 3170 447 3252 χαρίεντα
474 3166 620 3246 Φιλῖνον)
651 3163 827 3246 appellavit
859 3170 957 3243 poeta
980 3162 1025 3227 id.
1048 3162 1084 3224 11.
1113 3175 1192 3240 115..
1225 3164 1280 3244 qui
1310 3173 1395 3227 tecte
1426 3166 1596 3247 designare

295 3279 423 3340 videtur
444 3274 505 3341 τὸν
526 3271 695 3357 ἱμερόεντα
722 3276 857 3336 Φιλῖνον
879 3271 976 3353 idyllii
1000 3271 1069 3334 VII.

328 3405 333 3416 '
402 3407 454 3468 Ex
477 3405 596 3486 quibus
619 3404 705 3467 haud
728 3404 882 3466 audacius
905 3403 1098 3465 concludere
1129 3403 1207 3465 mihi
1231 3405 1352 3478 videor,
1379 3405 1525 3469 floruisse
1548 3405 1597 3469 Co

296 3518 491 3580 Philinorum
516 3524 649 3594 gentem
671 3513 876 3595 Asclepiadis
900 3517 988 3596 (cum
1003 3512 1144 3574 Philinus
1168 3515 1313 3577 medicus
1337 3524 1471 3578 vocetur
1486 3517 1596 3580 Ascle-

297 3626 425 3710 piades)
447 3625 734 3688 adnumerandam.
747 3621 772 3706 ³)
814 3623 914 3686 Hisce
936 3624 1033 3706 igitur
1055 3623 1186 3686 Philinis
1207 3623 1372 3687 Theocriti
1398 3636 1500 3689 mater
1521 3645 1595 3708 cog-

299 3807 399 3814 —-—

407 3891 424 3959 ¹)
445 3891 484 3940 Cf.
507 3891 611 3940 Hauler.
631 3891 649 3941 l.
669 3890 686 3943 l.
707 3908 732 3956 p.
756 3903 776 3938 1.
796 3905 821 3939 n.
842 3902 865 3952 3.

405 3983 425 4050 ²)
444 3983 579 4032 introduct.
607 3983 671 4031 inter
696 3983 786 4031 Galen.
814 3999 874 4046 opp.
899 3983 928 4033 P.
954 4001 978 4048 p.
1007 3993 1071 4045 372:
1109 3987 1156 4045 τῆς
1183 3982 1213 4033 δι’
1241 3983 1404 4054 ἐμπειρικῆς
1430 3989 1596 4053 προέστησεν

300 4078 420 4133 Φιλῖνος
439 4077 536 4136 Κοῖος,
557 4071 700 4143 duoviros
726 4070 811 4138 cedria
837 4071 891 4126 u'nd
919 4080 963 4137 τῆς
989 4076 1103 4142 λογικῆς
1132 4077 1267 4144 αἱρέσεως
1293 4076 1526 4149 ἀποτεμνόμενος,
1547 4074 1597 4137 tric

298 4165 429 4239 α’μομμιὶς
448 4163 544 4231 λαβών
563 4163 639 4236 παρα
657 4163 819 4235 Ἡρομίλον,
839 4157 872 4219 οὗ
891 4169 938 4220 καὶ
961 4164 1099 4232 εἰκονστὴς
1119 4168 1240 4237 ε’γένειο.
1279 4172 1403 4237 Sprengel
1419 4174 1435 4223 l.
1455 4173 1472 4222 1.
1491 4189 1515 4238 p.
1537 4173 1596 4235 596.

404 4260 424 4332 3)
445 4263 543 4310 Nomen
568 4262 689 4317 Φιλῖνος
708 4263 826 4312 usitatum
845 4263 920 4312 fuisse
939 4263 1015 4311 etiam
1032 4263 1139 4312 Athenis
1160 4260 1208 4331 (Cf.
1228 4264 1342 4329 inprimis
1361 4264 1390 4315 C.
1400 4264 1422 4328 J.
1436 4266 1467 4312 A.
1484 4264 1496 4312 1
1515 4279 1539 4312 n.
1553 4274 1595 4327 59.

297 4367 380 4417 4320.
401 4367 453 4417 433
474 4354 506 4402 al.
534 4354 723 4403 Westermann:
749 4354 806 4403 hist.
827 4355 909 4418 eloqu.
929 4370 965 4420 gr.
987 4352 1004 4421 ἓ
1025 4365 1064 4417 54.
1086 4367 1128 4416 29.
1166 4357 1282 4406 Muelleri
1300 4357 1373 4421 frgm.
1393 4357 1449 4408 bist.
1470 4356 1502 4405 ad
1521 4356 1597 4406 Phili·

296 4463 356 4495 nnm
375 4443 530 4512 historicum)
550 4445 619 4496 haud
638 4445 741 4510 ignoro:
771 4447 815 4496 sed
834 4447 1001 4512 reputandum
1020 4454 1072 4507 est,
1099 4447 1225 4497 ininsula
1251 4457 1303 4498 tam
1322 4465 1399 4514 parva
1416 4449 1485 4499 idem
1503 4465 1596 4498 nomeu

296 4539 440 4602 saepissime
458 4538 573 4598 inveniri,
600 4554 650 4601 quo
676 4538 704 4586 fir
729 4539 952 4601 verisimillimum,
980 4540 1095 4588 homiues
1117 4541 1247 4604 sanguinis
1272 4542 1374 4591 vinculo
1396 4542 1472 4591 luisse
1489 4542 1552 4590 inter
1570 4558 1596 4590 se

296 4630 455 4690 coniunctos;
484 4637 613 4694 praeterea
631 4638 715 4680 autem
733 4632 912 4680 commercium
931 4632 994 4680 iuter
1012 4631 1067 4680 Con
1086 4631 1194 4680 insulam
1213 4642 1237 4682 et
1257 4634 1370 4683 Athenas
1389 4634 1525 4697 antiquitus
1542 4649 1597 4699 per·

295 4737 416 4787 magnum
434 4722 578 4782 intercessit,
598 4729 626 4772 ut
644 4721 736 4776 multos
755 4723 864 4774 Coenses
883 4723 961 4775 Lares
980 4724 1092 4774 Athenas
1112 4726 1265 4776 transtulisse
1284 4726 1357 4776 facile
1375 4726 1541 4790 intellegatur.
