3500 5498
941 541 984 616 io

473 945 600 1009 schol.
629 940 776 1030 Θίοκρ.
807 943 885 1028 γέν.
918 945 992 1029 περὶ
1015 944 1048 1009 di
1070 943 1132 1028 τὴν
1154 951 1223 1008 τῶν
1255 947 1459 1022 βουκολικῶν
1481 943 1610 1025 ποίησιν

472 1051 596 1139 εὐφυὴς
618 1055 789 1138 γενόμενος
812 1058 939 1137 πολλῆς
961 1053 1055 1140 δόξης
1078 1052 1113 1118 ἐκ
1137 1053 1268 1117 τούτων
1290 1050 1453 1136 ἐπέτυχεν.

420 1164 631 1228 Theocritum
655 1176 790 1248 propter
813 1167 889 1228 artis
905 1185 982 1228 suae
999 1165 1230 1247 praestantiam
1254 1183 1415 1224 summam
1438 1163 1499 1224 sibi
1522 1182 1610 1244 para-

313 1275 397 1336 visse
420 1275 559 1355 gloriam
582 1284 682 1378 testep
704 1286 779 1337 sunt
801 1275 969 1356 Longinus
992 1275 1078 1358 (περὶ
1101 1268 1208 1356 ὕψους
1232 1293 1262 1354 p.
1278 1288 1342 1354 ¹54.
1367 1273 1418 1334 lin.
1449 1275 1510 1352 18.)
1544 1271 1607 1351 (ed.

313 1382 353 1449 Ο.
372 1383 462 1466 Jahn.
490 1384 584 1446 Bonn
613 1385 729 1467 1867.),
755 1384 989 1465 Quinctilianus
1015 1385 1127 1468 (Instit.
1153 1384 1192 1446 X.
1211 1385 1232 1445 Ι.
1256 1397 1270 1461 5
1278 1387 1327 1468 5.),
1354 1381 1474 1445 Gellius
1498 1381 1546 1461 (N.
1565 1382 1608 1446 A.

317 1493 368 1556 IX.
401 1503 458 1575 9.),
483 1494 606 1557 Probus
636 1495 784 1574 (prooem
807 1494 906 1574 Verg.
931 1496 1003 1557 buc.
1027 1516 1058 1576 p.
1084 1497 1157 1574 348.
1182 1494 1232 1558 ed.
1256 1492 1372 1576 Lien),
1405 1512 1487 1574 quos
1518 1491 1608 1552 locos

314 1602 444 1684 collegit
472 1603 635 1666 Fritzsche
670 1605 730 1687 (ed.
756 1625 798 1670 m.
829 1626 860 1686 p.
885 1607 945 1686 9.):
975 1603 1115 1685 Longini
1146 1613 1255 1665 autem
1288 1604 1387 1665 verba
1417 1601 1611 1663 Fritzschius

312 1713 525 1796 negligentius
541 1715 717 1796 exscripsit,
736 1713 844 1776 omisit
869 1715 953 1776 enim
970 1715 1172 1776 enuntiatum
1196 1713 1283 1797 πλὴν
1307 1710 1428 1795 ὀλίγων
1451 1719 1520 1776 τῶν
1536 1707 1611 1793 ἔξω·

311 1826 384 1902 θεν,
408 1844 473 1905 quo
489 1823 629 1904 Longini
653 1825 806 1886 iudicium
830 1825 926 1907 plane
950 1824 1038 1886 aliud
1060 1823 1105 1890 fit.
1141 1823 1253 1886 Verba
1279 1825 1366 1884 enim
1389 1824 1434 1885 uti
1457 1823 1612 1902 leguntur

315 1934 347 1994 in
363 1934 456 1996 codd.
481 1933 561 1996 haec
583 1945 671 1996 sunt:
695 1931 760 2000 xciv
782 1947 850 2008 τοῖς
866 1937 1070 2012 βουκολικοῑς
1092 1933 1180 2018 πλὴν
1204 1930 1325 2016 ὀλίγων
1348 1941 1417 1998 τῶν
1439 1929 1565 2016 ’ἔξωθεν
1589 1926 1608 1994 ὁ

316 2041 490 2127 Θεόκριτος
513 2039 772 2127 ἐπιτυχέστατος.
819 2045 1059 2107 illustraverunt
1082 2055 1190 2107 autem
1214 2046 1269 2106 viri
1298 2047 1386 2107 docti
1409 2045 1611 2107 enuntiatum

312 2152 400 2237 πλὴν
423 2149 543 2238 ὀλίγων
564 2161 633 2218 τῶν
656 2151 793 2238 ἔξωθεν,
818 2156 908 2236 quod
932 2175 1009 2218 sane
1033 2156 1199 2217 obscurius
1230 2165 1287 2228 est,
1319 2156 1383 2218 hoc
1411 2155 1528 2218 modo:
1553 2153 1611 2215 Fa-

311 2264 431 2350 bricius
455 2264 612 2346 (biblioth.
637 2285 684 2345 gr.
710 2266 774 2331 vol.
798 2264 847 2326 III.
868 2285 899 2346 p.
919 2265 1007 2348 766.)
1032 2267 1222 2328 vertendum
1246 2266 1417 2347 proposuit
1444 2264 1610 2345 »exceptis

312 2375 507 2455 quibusdam
543 2374 671 2436 alterius
707 2377 921 2455 argumenti«,
958 2375 1160 2438 Weichertus
1195 2376 1223 2458 (l.
1254 2375 1271 2436 l.
1304 2377 1324 2454 ᾖ
1352 2378 1433 2455 58.);
1474 2373 1611 2454 »Einige

312 2483 446 2558 Stellen‚
485 2506 536 2547 wo
570 2505 604 2547 er
640 2485 762 2548 seinem
785 2484 959 2547 Character
990 2487 1078 2548 nicht
1112 2496 1181 2548 treu
1214 2484 1385 2566 geblieben
1416 2485 1465 2557 ist,
1499 2503 1613 2564 ausge-

313 2615 498 2658 nommcn«.
547 2596 660 2658 Neutri
683 2596 855 2660 assentior:
882 2596 1023 2675 Longini
1040 2598 1124 2658 euim
1140 2597 1240 2658 verba
1257 2597 1301 2657 ita
1318 2594 1503 2676 composita
1525 2606 1609 2665 sunt,

312 2714 346 2767 ut
368 2725 410 2768 ex
431 2706 555 2769 ratione
578 2707 684 2787 logica
708 2727 747 2768 ea
771 2727 853 2788 quae
878 2707 1044 2769 enuntiato
1067 2706 1155 2790 πλὴν
1178 2703 1299 2788 ὀλίγων
1318 2711 1386 2769 τῶν
1407 2700 1534 2786 ἔξωθεν
1557 2723 1602 2764 re·

311 2815 552 2897 prehendantur
574 2817 677 2879 inesse
701 2817 844 2878 debeant
865 2818 896 2878 in
920 2818 997 2899 ipsis
1019 2818 1214 2879 carminibus
1236 2816 1399 2879 bucolicis.
1450 2813 1609 2896 Spectant

312 2934 422 2987 autem
444 2923 487 2989 τὰ
509 2923 646 3009 ἔξωθεν,
675 2948 759 3009 quae
793 2927 870 2988 dicit
892 2926 1070 3008 Longinus,
1103 2948 1175 2990 mea
1207 2927 1366 2989 sententia
1389 2927 1430 2987 ad
1462 2935 1611 3006 pastores

313 3043 506 3117 personatos
537 3037 588 3118 (cf.
622 3038 664 3103 id.
688 3038 756 3100 VII.
784 3038 825 3102 id.
850 3037 904 3102 IX.
927 3059 974 3104 vs,
1008 3040 1057 3099 28.
1082 3058 1192 3119 seqq.
1218 3057 1245 3103 c.
1271 3037 1383 3119 explic.
1418 3035 1607 3097 Boissonad.

310 3145 365 3227 al.)
383 3154 416 3206 et
441 3165 498 3209 eos
522 3147 621 3220 locos,
647 3147 763 3229 quibus
787 3147 939 3229 aequales
963 3147 1157 3228 significavit
1180 3156 1279 3228 poeta
1304 3146 1354 3230 (cl.
1375 3146 1427 3208 IV.
1448 3161 1498 3207 20.
1518 3165 1610 3226 seqq.

312 3254 367 3316 IV.
401 3261 452 3333 3l.
484 3276 575 3338 seqq.
606 3257 676 3323 Vll.
712 3271 763 3335 45.
798 3277 887 3339 seqq.
920 3257 993 3339 al),
1025 3257 1134 3338 itaque
1169 3247 1360 3319 vertendum
1397 3277 1468 3317 esse
1502 3254 1610 3316 locum

314 3383 451 3431 censeo:
478 3365 532 3428 >In
563 3367 674 3430 seinen
696 3366 1011 3448 Hirtendichtungen
1042 3367 1082 3429 ist
1104 3366 1272 3438 Theokrit,
1305 3367 1429 3448 wenige
1454 3365 1610 3427 Aeusser·

311 3473 481 3537 lichkeiten
511 3495 781 3557 ausgenommen,
818 3478 869 3538 ein
904 3478 1041 3539 liberans
1071 3475 1265 3556 glucklicher
1295 3477 1459 3538 Dichter«
1508 3475 1612 3536 Recte
1645 3453 1649 3460 Ι
1729 3539 1730 3568 p

313 3584 408 3664 igitur
431 3584 598 3667 Longinus
622 3585 725 3649 Servii
748 3586 764 3649 l.
781 3586 804 3652 1.
827 3587 966 3648 deseruit
989 3587 1151 3658 iudicium,
1176 3587 1248 3667 qui:
1277 3597 1328 3648 »et
1343 3587 1503 3668 aliquibus
1518 3583 1607 3655 locis,

312 3695 424 3776 inquit,
450 3715 507 3777 per
530 3694 716 3777 allegoriam
740 3695 920 3779 [Vergilius]
944 3698 1011 3778 agit
1034 3699 1171 3778 gratiam
1189 3696 1340 3775 Augusto
1359 3696 1409 3758 vel
1425 3696 1493 3759 aliis
1517 3693 1607 3756 nobi·

313 3803 396 3866 libus
420 3825 476 3871 -2
500 3805 531 3867 in
555 3827 621 3888 qua
644 3827 677 3868 re
710 3806 857 3870 dissentit
881 3827 900 3868 a
924 3806 1172 3870 Theocrito.
1219 3807 1293 3869 Ille
1317 3807 1420 3870 enim
1452 3805 1610 3885 ubique

314 3913 493 3996 simplex
515 3925 618 3985 est‹:
643 3917 775 3979 minime
799 3916 920 3998 ubique
944 3916 1083 3998 simplex
1105 3916 1319 3985 Theocritus!

420 4023 606 4088 Carminum
629 4036 738 4090 autem
755 4027 1028 4090 Theocriteorum
1044 4037 1248 4091 venustatem
1267 4035 1300 4090 et
1323 4026 1497 4088 candorem
1513 4025 1610 4086 diser·

314 4136 354 4198 tis
376 4135 484 4198 verbis
507 4156 671 4218 exponere
695 4147 727 4199 et
751 4139 859 4200 omnia
883 4160 924 4200 ex
946 4139 1058 4200 intima
1081 4148 1150 4201 arte
1166 4140 1295 4220 poetica
1319 4139 1514 4219 deprompta
1537 4155 1610 4198 esse
1727 4157 1728 4186 ι

315 4245 538 4308 demonstrare
561 4267 840 4329 supervacaneum
863 4259 951 4311 certe
975 4259 1034 4311 est.
1081 4249 1219 4312 Nostrae
1243 4269 1376 4332 quoque
1400 4247 1514 4310 aetatis
1538 4265 1607 4326 gra·

313 4354 463 4417 vissimos
493 4356 671 4420 carminum
695 4360 833 4422 arbitros
856 4360 1034 4424 Theocrito
1057 4360 1132 4423 artis
1155 4360 1321 4422 bucolicae
1344 4357 1486 4440 palmam
1510 4356 1607 4417 tribu·

315 4485 369 4528 ere
391 4483 505 4528 omnes
527 4467 648 4543 sciunt;
673 4490 732 4532 nec
755 4478 864 4532 tamen
888 4471 1006 4534 desunt
1021 4472 1273 4536 obtrectatores:
1297 4469 1348 4530 Fr.
1370 4465 1519 4547 Schlegel
1541 4465 1608 4547 qui-

315 4574 399 4648 dem,
424 4583 458 4636 ut
480 4573 566 4636 hunc
587 4578 691 4640 solum
723 4579 911 4662 loquentem
942 4581 1111 4646 inducam:
1139 4579 1362 4652 ‘'Theokritus,
1393 4575 1534 4658 inquit¹)‚
1568 4576 1609 4638 ist

422 4750 441 4822 ¹)
461 4753 499 4806 Cl.
513 4756 613 4820 epham.
627 4757 785 4808 Athenaeum
798 4759 855 4808 edd.
869 4761 899 4808 Α.
912 4760 952 4809 W.
965 4767 990 4809 et
1002 4761 1042 4809 Fr.
1056 4758 1181 4823 Scldegeh
1201 4758 1282 4808 Berol.
1301 4755 1368 4805 1800
1380 4757 1431 4806 vol.
1446 4754 1492 4802 111.
1506 4772 1531 4818 p.
1547 4766 1607 4816 2²9·
