3500 5498
836 497 1047 594 Aa„

296 714 382 766 recte
410 705 582 780 indicavit,
617 708 750 770 ductum
788 717 837 770 est
868 729 888 769 a
923 705 980 772 ΛΑ
1013 709 1209 792 (splendere,
1247 709 1464 794 fulgeret,
1501 709 1591 790 quod

293 823 345 876 est
369 815 479 896 glaciei
503 826 675 882 montanae
698 818 774 879 solis
798 818 893 879 radiis
917 818 1157 906 refulgentibus.
1204 819 1315 903 Atque
1338 829 1425 882 recte
1447 819 1588 901 quidem,

295 945 370 988 cum
393 923 505 1004 glaciei
523 937 696 988 montanae
712 929 816 1008 prima
838 927 930 1008 origo
947 945 986 990 ea
1008 929 1110 990 soleat
1134 949 1212 1002 esse,
1238 927 1414 992 Mercurius
1437 929 1589 991 imbrium

299 1043 331 1096 et
354 1036 432 1098 roris
456 1037 534 1102 deus
559 1039 627 1100 eius
651 1048 743 1120 pater
771 1039 961 1101 nominatur.
1015 1039 1050 1100 ln
1082 1039 1210 1101 Aetnae
1241 1040 1359 1101 montis
1392 1038 1591 1101 convallibus

298 1143 395 1226 longe
418 1147 550 1208 remotis
580 1147 621 1209 ab
644 1147 811 1212 hominum
843 1149 1076 1238 consuetudine
1107 1150 1211 1230 pascit
1232 1150 1335 1211 boves
1371 1159 1403 1210 et
1434 1147 1592 1230 capellas:

299 1269 374 1316 nam
399 1249 509 1318 Graeri
534 1277 582 1338 ‚ex
612 1260 835 1321 vetustissimis
865 1260 1065 1342 temporibus
1088 1260 1224 1322 vocibus
1253 1261 1339 1337 βοῦς,
1364 1261 1495 1342 χίμαρος
1517 1262 1589 1322 κτλ.

298 1373 432 1446 propter
454 1367 635 1434 motionum
667 1369 905 1431 similitudinem
929 1379 1087 1431 torrentes
1121 1379 1153 1432 et
1177 1370 1353 1431 amniculos
1378 1378 1552 1430 montanos
1568 1371 1594 1451 2)

297 1474 468 1556 designare
490 1477 647 1540 solebant.
696 1477 777 1541 Cum
801 1465 909 1542 autem
932 1489 1091 1541 torrentes
1113 1489 1145 1542 et
1173 1480 1324 1542 amniculi
1348 1479 1389 1541 illi
1412 1499 1453 1540 ex
1489 1479 1595 1560 glacie

298 1593 454 1648 montana
477 1587 579 1649 coorti
603 1598 837 1652 murmurantes
861 1598 894 1650 et
918 1599 1070 1651 sonantes
1095 1589 1126 1650 in
1158 1610 1293 1672 campos
1329 1588 1485 1661 desiliant,
1509 1589 1593 1670 ipse

295 1693 444 1777 Daphnis
466 1696 543 1758 dum
567 1717 683 1778 greges
706 1689 776 1762 illos
797 1701 901 1781 pascit
925 1701 1088 1780 syringem
1112 1700 1163 1761 vel
1185 1699 1324 1761 fistulam
1350 1699 1479 1761 invenit.

404 1789 522 1870 Similis
551 1806 647 1888 igitur
676 1819 725 1870 est
754 1808 834 1871 haec
866 1808 973 1872 fabula
995 1811 1080 1883 eius,
1110 1830 1209 1890 quam
1234 1809 1371 1872 Ovidius
1393 1808 1537 1892 (Metam.
1566 1808 1588 1870 Ι.

290 1915 371 2003 ι682.
396 1917 499 2002 seqq.)
534 1917 575 1978 de
600 1916 738 2000 Syringe
772 1921 804 1982 in
837 1919 979 1982 calamos
1014 1919 1241 1981 transformata
1275 1919 1369 1981 nobis
1404 1917 1535 1980 tradidit
1549 1917 1589 2000 ³).

295 2025 387 2088 Haec
410 2027 494 2090 enim
519 2026 663 2110 nympha
686 2029 804 2092 Panem
829 2029 926 2090 deum
961 2018 1085 2108 fugiens
1125 2049 1200 2111 »per
1224 2030 1314 2091 avia«
1344 2029 1386 2090 ad
1415 2011 1584 2090 [adonem

296 2134 429 2200 fluvium
451 2138 606 2217 pervenit,
632 2140 687 2200 ubi
711 2140 741 2202 in
765 2138 907 2200 calamos
937 2138 1162 2200 transformata
1186 2149 1253 2206 est:
1275 2139 1356 2200 haec
1388 2158 1518 2220 quoque
1542 2137 1586 2198 f-

297 2243 371 2305 bula
405 2244 497 2308 facile
530 2247 714 2326 explicatur.
771 2249 855 2312 Nam
886 2248 1001 2310 Ladon
1032 2249 1134 2310 amnis
1162 2270 1264 2330 aquas
1295 2249 1416 2330 excipit
1446 2269 1487 2311 ex
1517 2252 1590 2311 lacu

296 2353 457 2418 Pheneieo
479 2355 562 2418 iuter
577 2358 741 2420 Pheneum
762 2368 795 2421 et
810 2359 983 2432 Nonocrin,
1008 2360 1061 2420 ubi
1086 2369 1178 2421 actae
1200 2369 1275 2422 sunt
1291 2380 1349 2431 res,
1376 2360 1591 2422 subterranea

297 2465 437 2542 quadam
460 2466 556 2540 fossa,
580 2487 664 2546 quae
687 2468 835 2550 siphonis
858 2470 957 2533 habet
980 2479 1172 2531 structuram
1196 2479 1228 2530 et
1251 2469 1326 2532 vim.
1375 2469 1423 2530 Ea
1455 2468 1589 2548 quidem

296 2594 329 2636 re
352 2573 432 2654 haec
456 2575 563 2640 fabula
588 2577 711 2640 nititur:
737 2579 790 2641 ubi
814 2581 956 2661 primum
982 2581 1066 2641 enim
1091 2580 1178 2641 lacus
1201 2579 1251 2641 ille
1275 2579 1358 2641 adeo
1382 2577 1498 2640 auctus
1528 2589 1590 2652 est,

296 2695 331 2747 ut
365 2685 434 2750 eius
468 2707 571 2768 aquae
600 2689 642 2750 ad
676 2689 821 2770 siphonis
857 2667 982 2752 culmen
1016 2691 1426 2768 summum-ascenderint,
1461 2709 1592 2752 summa

296 2787 459 2860 celeritate
482 2819 524 2859 ex
546 2799 616 2860 lacu
643 2799 675 2860 in
704 2799 873 2862 Ladonem
897 2799 1050 2872 defluunt,
1084 2799 1193 2878 quoad
1224 2799 1311 2861 lacus
1340 2819 1463 2882 aequor
1487 2820 1593 2881 usque

294 2907 336 2968 ad
359 2906 507 2986 siphonis
530 2928 567 2968 os
589 2923 698 2970 rursus
722 2911 903 2975 descendit:
928 2919 998 2972 tum
1020 2911 1153 2971 iteratur
1176 2911 1289 2972 eadem
1314 2931 1373 2982 res,
1399 2931 1499 2992 quam
1521 2910 1593 2992 qui·

294 3017 368 3079 dem
410 3016 546 3082 Ovidius
588 3019 769 3100 designavit
803 3039 898 3096 versu
937 3030 988 3082 »et
1022 3021 1172 3101 precibus
1205 3021 1320 3103 spretis
1356 3020 1477 3102 fugisse
1512 3041 1594 3104 per

191 3199 192 3206 ἵ
294 3127 385 3188 avia
409 3127 616 3210 nympham«
665 3131 730 3194 Ubi
753 3130 894 3212 primum
924 3140 1033 3192 autem
1061 3131 1176 3192 Ladon
1202 3151 1358 3192 arenosus
1379 3139 1414 3193 et
1447 3133 1594 3194 vadosus

294 3257 350 3304 eas
371 3257 473 3317 aquas
497 3241 626 3322 recepit,
652 3241 726 3314 Pan,
753 3240 941 3303 nebularum
965 3251 1196 3305 montanarum
1220 3241 1369 3315 daemon,
1398 3241 1592 3304 calamos

294 3347 507 3427 amplectitur,
545 3351 754 3431 quoniam,
779 3351 917 3413 Ladon
946 3345 1152 3413 ‘vadosus
1184 3351 1397 3412 arundinis
1433 3351 1595 3432 plenus

294 3478 384 3520 esse
419 3458 547 3528 solet.
592 3471 631 3522 ut
673 3463 761 3523 eius
795 3481 926 3542 aquas
960 3481 1042 3523 non
1077 3462 1246 3537 videas3
1280 3481 1317 3522 ea
1349 3471 1398 3524 est
1433 3461 1598 3542 Syriux

294 3568 421 3630 Naias
453 3570 484 3631 in
517 3571 658 3632 calamos
687 3569 923 3634 transformata.
969 3572 1138 3652 Aquarum
1163 3557 1219 3656 per
1242 3572 1386 3634 calamos
1420 3571 1596 3634 fluentium

292 3699 438 3742 susurrus
473 3690 507 3742 et
542 3682 726 3763 strepitus‚·
752 3691 921 3744 ventorum
957 3683 989 3743 in
1025 3682 1166 3745 calamos
1201 3681 1414 3745 conflantium
1450 3682 1593 3758 sonituS,

295 3789 431 3852 nebulae
457 3799 489 3852 et
520 3791 600 3852 roris
623 3792 652 3853 in
678 3791 820 3853 calamos
843 3793 986 3855 cadentis
1009 3792 1142 3871 clangor
1164 3793 1311 3873 syringis‚
1337 3812 1421 3874 quae
1449 3801 1498 3854 est
1522 3813 1596 3854 vox

296 3901 603 3983 onomatopoietica,
628 3903 750 3985 primus
774 3913 887 3965 cantus
912 3913 982 3966 erat
994 3905 1026 3987 ¹¹).

298 4027 562 4036 m*

405 4077 423 4150 Ἴ
444 4081 482 4131 Ita
496 4083 647 4131 Graecorum
660 4082 743 4132 laurus
756 4098 855 4146 quoque
878 4081 904 4149 (i.
917 4100 941 4147 q.
955 4081 1217 4132 Oleander-Lorbeer:
1237 4083 1268 4132 cl.
1282 4083 1309 4131 P.
1324 4083 1362 4131 W.
1380 4083 1596 4136 Forchhammer:

296 4172 419 4236 Apollons
438 4159 551 4223 dnkunlt
569 4175 594 4222 in
613 4175 717 4240 Delphi.
747 4176 815 4226 Riel.
847 4176 920 4237 1840.
950 4195 974 4242 p.
996 4172 1049 4243 22.)
1079 4183 1179 4238 propter
1206 4176 1295 4225 florum
1318 4175 1426 4224 colorem
1444 4175 1547 4222 rubrum
1569 4163 1597 4226 et

299 4264 472 4330 splendentem
491 4267 619 4334 appellata
637 4277 681 4318 est.

405 4355 424 4425 ²)
445 4357 482 4408 Cf.
504 4360 710 4411 Forchhammer:
735 4364 868 4413 Hellenica
886 4372 909 4412 et
929 4363 1046 4412 Daduch.
1066 4379 1084 4412 s.
1104 4380 1141 4413 vv.
1163 4366 1272 4412 ΒΟΥΣ.
1296 4365 1471 4412 ΧΙΜΑΙΡΛ.

404 4447 424 4519 ³)
444 4450 482 4500 Cf.
511 4452 539 4502 P.
560 4454 598 4502 W.
619 4455 825 4506 Forchhammer:
856 4457 904 4505 Die
922 4456 1118 4520 Wanderungen
1148 4457 1192 4505 der
1222 4456 1426 4505 Inachostochter
1453 4455 1489 4504 10.
1523 4455 1595 4508 Kiel.

304 4542 379 4595 1881.
398 4561 423 4610 p.
444 4543 485 4606 36.

405 4633 424 4706 ⁴)
445 4637 485 4689 Cs.
506 4639 591 4690 Etiam
603 4642 712 4692 Lucretii
731 4642 763 4692 de
781 4658 860 4692 rerum
880 4651 967 4693 natura
988 4639 1038 4710 (ed.
1056 4643 1076 4691 1.
1090 4639 1218 4710 Bernays.)
1239 4642 1282 4690 lib.
1301 4640 1332 4692 V.
1352 4657 1404 4690 vss.
1429 4639 1504 4702 1376.
1517 4657 1592 4708 seqq.
