3500 5498
875 481 917 558 46

250 714 404 756 coronam
436 693 618 758 efficiebant
647 695 756 760 sociae
790 696 908 776 reginis
939 694 1235 767 subministrantes,
1271 713 1334 774 qua
1369 693 1410 754 de
1446 713 1545 756 causa
1579 775 1584 785 ,

250 813 349 886 poeta
378 825 489 868 earum
519 806 652 870 brevem
684 806 758 870 lecit
782 807 990 869 mentionem.
1018 843 1058 854 —-
1083 803 1172 868 Talis
1202 805 1271 868 sine
1303 805 1403 866 dubio
1435 805 1547 896 imago

250 923 328 987 erat,
354 934 451 994 quam
467 915 660 980 Theocritus
683 926 718 979 ut
734 926 832 1000 poeta
856 915 920 980 hoc
936 917 1079 980 carmine
1101 916 1288 995 descripsit:
1314 915 1413 978 utitur
1435 923 1546 977 autem

250 1024 312 1086 hoc
336 1024 479 1098 artificio,
506 1035 540 1088 ut
563 1048 629 1108 quo
653 1027 843 1090 viridiorem
866 1030 1021 1109 praebeat
1042 1026 1154 1090 lectori
1178 1035 1348 1108 aspectum
1370 1025 1453 1088 binis
1477 1045 1545 1087 ver-

249 1134 339 1197 sibus
368 1134 508 1198 thiasum
539 1146 685 1200 montem
716 1139 945 1202 ascendentem
971 1139 1096 1221 (1-2.)
1126 1146 1159 1202 et
1181 1136 1325 1200 Pentheo
1347 1137 1545 1218 interempto

249 1245 381 1308 Thebas
410 1246 599 1310 redeuntem
627 1249 797 1331 (25-26.)
827 1249 974 1322 inducat,
1009 1268 1083 1310 nam
1114 1247 1170 1329 qui
1203 1247 1405 1308 intercedunt
1433 1266 1544 1308 versus

249 1356 400 1436 imaginis
423 1357 674 1439 descriptionem
695 1359 870 1422 continent.
916 1359 1033 1422 Mirum
1057 1367 1167 1420 autem
1191 1366 1257 1430 est,
1288 1357 1377 1438 quod
1403 1357 1434 1417 in
1457 1355 1545 1418 hisce

250 1474 406 1548 quattuor
436 1468 582 1530 versibus
613 1478 745 1551 apertae
771 1469 935 1552 Euripidis
966 1469 1074 1532 insunt
1102 1467 1308 1533 imitationes.
1358 1465 1545 1528 Secundum

251 1577 336 1638 enim
359 1578 508 1640 carminis
532 1599 659 1642 versum
685 1579 873 1660 compilavit
897 1599 938 1642 ex

409 1687 520 1772 Eurip,
545 1688 661 1755 Bacch.
692 1706 761 1769 103.
785 1690 902 1774 (115.):
939 1687 1078 1773 Βρόμιος
1101 1679 1168 1752 εὖτ’
1194 1682 1236 1750 ἄν
1260 1680 1337 1768 ἄγῃ
1362 1684 1545 1760 θιάσους

728 1798 788 1875 εἰς
819 1796 936 1882 ὄρος,
968 1798 1025 1874 εἰς
1054 1795 1148 1883 ὄρος
1180 1797 1263 1880 (coll.
1286 1816 1332 1862 vs.
1356 1799 1424 1874 1481
1443 1797 1544 1878 (164.)

410 1917 443 1972 et
464 1909 546 1974 680:
578 1903 660 1993 ὁρῶ
688 1909 728 1974 δὲ
756 1910 940 1986 θιάσους
971 1923 1085 1994 τρεῖς
1116 1908 1375 1992 γυναικείων
1408 1905 1546 1990 χόρων

410 2038 538 2081 versum
563 2019 614 2086 26.
640 2021 756 2102 petivit
779 2042 821 2084 ex
1522 2086 1525 2092 .

408 2129 520 2212 Eurip.
545 2130 662 2194 Bacch.
687 2132 766 2212 367:
790 2134 827 2196 Π
837 2129 990 2205 ενθεύς
1019 2123 1139 2206 δ’ὅπως
1164 2129 1216 2213 μὴ
1237 2129 1395 2204 πένθος
1418 2126 1544 2192 εἰσοίσει

726 2240 835 2325 δόμοις
856 2255 925 2317 τοῖς
949 2253 1041 2318 σοῖσι,
1066 2239 1185 2323 Κάδμε.

355 2349 448 2412 Alios
470 2359 638 2432 praeterea
652 2351 762 2435 Eurip.
781 2352 898 2418 Bacch.
922 2352 1012 2414 locos
1033 2351 1205 2414 adnotavit
1226 2348 1430 2422 Fritzschius,
1461 2368 1544 2428 quos

249 2459 461 2523 Theocritum
484 2461 643 2524 imitatum
673 2483 744 2525 esse
771 2463 897 2526 videtur
928 2471 1068 2544 putasse.
1119 2460 1185 2524 Sed
1216 2460 1280 2523 hoc
1310 2459 1460 2540 equidem
1494 2479 1545 2520 ne-

251 2570 403 2650 gaverim,
429 2591 503 2633 cum
528 2591 586 2654 per
608 2593 644 2634 se
666 2573 879 2654 intellegatur,
904 2573 1011 2656 poetis
1028 2572 1158 2634 easdem
1183 2591 1233 2633 res
1249 2571 1394 2633 eiusdem
1417 2567 1546 2632 fabulae

248 2680 405 2743 similibus
429 2682 623 2744 enarrandas
647 2703 727 2746 esse.
768 2683 880 2762 Itaque
906 2682 989 2766 (coll.
1011 2681 1164 2746 Fritzsch.
1190 2682 1316 2746 adnott.
1341 2688 1375 2744 et
1398 2679 1543 2745 Knaack.

249 2791 267 2852 l.
302 2790 334 2873 1.)
367 2791 514 2872 Euripidi
549 2811 651 2875 pauca
685 2793 880 2856 Theocritus
894 2794 938 2875 ¹),
982 2793 1158 2855 Theocrito
1192 2791 1331 2874 plurima
1365 2790 1543 2873 0111111119)

250 2900 371 2963 debere
394 2901 529 2964 videtur.

355 3011 509 3093 Imaginis
534 3013 751 3095 descriptione
774 3015 816 3076 ad
843 3014 941 3077 finem
973 3015 1131 3095 perducta
1153 3032 1192 3075 ea
1217 3032 1301 3092 quae
1324 3012 1422 3074 sentit
1445 3019 1544 3093 poeta

210 3189 213 3197 g
250 3121 450 3201 affectusque
486 3144 568 3204 quos
602 3123 710 3186 iniecit
744 3125 853 3205 imago
889 3125 964 3186 inde
995 3144 1014 3186 a
1048 3144 1095 3189 vs.
1126 3137 1176 3204 27.
1213 3123 1345 3205 copiose
1379 3121 1540 3184 describit.

250 3231 327 3314 Quo
355 3232 476 3294 sactum
507 3243 571 3307 est,
604 3243 639 3296 ut
670 3254 799 3297 carmen
832 3235 943 3316 hymni
974 3234 1117 3297 colorem
1148 3242 1182 3296 et
1206 3231 1347 3294 indolem
1370 3232 1541 3314 acciperet.

249 3342 339 3404 Idem
363 3351 474 3405 autem
497 3353 607 3406 nostra
631 3365 763 3426 quoque
786 3354 894 3408 aetate
917 3365 1075 3428 persaepe
1100 3342 1242 3406 invenire
1265 3361 1448 3424 possumus.
1495 3342 1543 3404 In-

249 3453 367 3534 spicias
390 3453 477 3515 enim
500 3454 732 3536 descriptiones
755 3453 904 3534 imaginis
927 3452 1111 3526 cuiusdam,
1143 3472 1240 3533 quam
1264 3451 1380 3514 artilex
1414 3451 1544 3531 quidam
1597 3443 1603 3458 ’

249 3581 395 3624 summus
429 3561 576 3625 officinae
608 3565 709 3627 valvis
740 3565 868 3646 apertis.
896 3563 1065 3626 hominum
1099 3563 1175 3624 artis
1209 3563 1388 3643 peritorum
1425 3561 1543 3625 iudicio

249 3673 435 3752 proposuit:
471 3672 560 3752 leges
584 3675 724 3754 primum
748 3675 879 3756 quidem
904 3672 1051 3754 imaginis
1073 3680 1257 3735 accuratam
1280 3671 1541 3753 descriptionem,

250 3781 366 3844 deinde
389 3780 523 3844 aflectus
541 3785 658 3865 quibus
674 3785 728 3867 qui
744 3784 893 3846 viderunt
914 3782 1059 3866 percussi
1074 3782 1138 3844 sint
1154 3781 1365 3844 adumbratos
1390 3782 1541 3849 invenies.

361 4048 378 4119 ¹)
398 4050 438 4100 Ne
463 4052 512 4102 hoc
531 4051 632 4116 quidem
658 4054 691 4102 ab
710 4054 778 4103 omni
804 4060 874 4119 parte
899 4051 1040 4101 confirmari
1069 4057 1168 4115 potest,
1195 4061 1296 4100 namet
1316 4050 1397 4115 figura
1414 4052 1545 4100 verborum

250 4139 376 4201 Πενθεύς
395 4171 429 4182 --
448 4148 554 4201 πένθος
578 4143 738 4196 usitatissima
762 4153 814 4195 erat
841 4144 883 4212 (cf.
912 4145 1014 4194 Aristot.
1034 4143 1135 4194 Rhetor¹
1167 4143 1199 4194 ll.
1228 4154 1269 4205 23.
1297 4160 1323 4208 p.
1353 4155 1427 4203 1400.
1445 4143 1469 4191 b.
1497 4155 1544 4203 24:

251 4233 374 4295 Πενθεύς
394 4235 527 4307 ἐσομένης
546 4242 693 4308 συμφορᾶς
715 4236 869 4308 ἐπώνυμος.
907 4237 965 4287 Huc
988 4237 1048 4286 facit
1073 4238 1148 4288 etium
1173 4237 1206 4286 L.
1225 4235 1339 4287 Lersch:
1367 4236 1415 4285 Die
1440 4235 1547 4302 Sprach·

250 4331 410 4397 philosophie
428 4331 473 4379 der
490 4331 573 4380 Alten.
593 4331 668 4382 Theil
687 4343 717 4394 3:
738 4331 883 4397 dargestellt
901 4345 934 4378 an
952 4329 996 4378 der
1016 4329 1167 4381 Gesehichte
1185 4329 1249 4378 ihrer
1261 4329 1429 4394 Etymologie.
1462 4330 1544 4378 Bonn.

255 4420 331 4485 1838.
364 4421 439 4484 1840.
459 4424 492 4475 cf.
518 4433 594 4490 caput
620 4425 690 4489 quod
713 4424 859 4489 inscriptum
878 4429 929 4474 est:
955 4421 1005 4470 Die
1024 4420 1128 4472 Dichter
1153 4423 1190 4471 als
1208 4419 1395 4486 Etymologen.l
1416 4428 1441 4470 et
1459 4421 1546 4470 sabula

250 4515 306 4581 ipsa
324 4516 439 4566 mulieres
457 4517 483 4566 in
496 4516 646 4568 Cithaerone
665 4523 750 4566 moute
768 4529 838 4564 sacra
856 4513 936 4578 egisse
955 4520 980 4562 11
999 4512 1075 4564 caede
1093 4523 1195 4578 peracta
1214 4530 1266 4564 una
1284 4530 1342 4564 cum
1354 4513 1458 4564 Penthei
1471 4513 1545 4564 cada·

248 4622 306 4659 vere
324 4607 351 4656 iu
369 4609 457 4658 urbem
476 4607 581 4660 rediisse
600 4609 743 4660 exhibebat.

357 4699 378 4766 ²)
397 4699 503 4752 Ovidius
521 4701 638 4771 expressit
658 4700 821 4756 Theocritum
841 4699 866 4748 in
886 4701 1055 4766 Metamorph.
1077 4709 1224 4766 511—733.
