3500 5498
14 751 23 830 l

691 523 903 626 ..ΑΙ-,2

256 738 286 824 f.)
310 737 409 820 Quod
433 759 510 820 uero
541 739 680 802 insula
704 738 865 822 Cyprus
889 741 920 802 in
952 759 991 800 eo
1023 738 1261 823 provinciarum
1292 735 1443 816 catalogo
1549 787 1553 792 .

146 870 214 911 non
239 851 559 915 nominaturmirum
584 860 672 912 certe
694 860 758 934 est3
782 860 817 912 ut
833 849 1002 912 discrimen
1029 848 1104 910 illud
1128 847 1293 912 tolleretur
1309 846 1444 912 Vossius

145 979 208 1038 pro
231 961 285 1023 καὶ
308 961 432 1043 Συρίης
459 959 635 1040 legendum
658 961 830 1042 proposuit
853 959 992 1042 Κύπρου
1016 979 1061 1036 τε,
1095 955 1290 1020 Niebuhrius
1315 941 1442 1016 uersum

145 1069 307 1130 excidisse
342 1069 477 1150 putavit,
515 1069 676 1133 Haulerus
702 1069 838 1132 insulam
861 1079 931 1131 tum
966 1065 1122 1130 defecisse
1159 1087 1264 1148 neque
1298 1066 1445 1127 sedatam

142 1177 242 1240 fuisse
264 1198 401 1260 eamque
425 1179 468 1240 ob
493 1201 624 1242 causam
638 1203 660 1242 a
675 1181 850 1243 Theocrito
866 1181 1018 1240 omissam
1042 1199 1112 1242 esse
1128 1177 1275 1248 coniecit,
1295 1175 1443 1260 Droysen

141 1309 213 1350 rem
238 1289 269 1350 in
292 1288 392 1351 dubio
422 1289 550 1370 reliquit
565 1290 596 1374 1).
644 1290 696 1352 Ex
729 1310 801 1351 mea
832 1289 985 1371 opinione
1015 1298 1114 1369 poeta
1144 1287 1259 1348 eadem
1283 1285 1442 1348 adductus

142 1419 243 1460 causa
265 1419 329 1480 qua
344 1399 506 1480 Cyrenam
530 1402 628 1463 etiam
643 1400 725 1462 hauc
742 1400 880 1463 insulam
904 1399 1022 1462 omisit.
1069 1398 1152 1460 Nam
1169 1396 1295 1478 Cyrene
1312 1395 1443 1478 quidem

141 1509 313 1590 proprium
348 1509 492 1571 habebat
527 1527 653 1588 regem,
697 1507 751 1588 qui
786 1516 897 1569 tamen
931 1507 1118 1591 Ptolemaeo
1155 1508 1321 1569 subiectus
1357 1516 1441 1567 erat:

142 1621 263 1680 eodem
298 1629 383 1681 statu
416 1617 566 1681 liberiore
588 1617 715 1700 Cyprus
748 1637 879 1699 quoque
912 1617 1079 1679 fruebatur
1112 1638 1172 1698 per
1205 1616 1282 1680 illud
1313 1625 1443 1694 tempus

141 1729 318 1811 (Droysen.
344 1751 373 1810 p.
404 1729 473 1810 56.).
522 1727 621 1808 Quod
645 1729 741 1790 etiam
765 1729 887 1790 nummi
917 1728 1065 1790 videntur
1088 1727 1246 1789 indicare:
1271 1725 1442 1807 Cyrenaici

141 1838 271 1920 effigies
295 1839 412 1919 Magae
435 1849 468 1902 et
490 1836 664 1900 Ptolemaei
695 1839 786 1902 iuxta
809 1837 942 1918 positas,
969 1836 1078 1920 Cyprii
1101 1835 1242 1916 effigiem
1265 1835 1442 1898 Ptolemaei

140 1969 218 2010 curn
243 1950 369 2011 urbium
394 1949 561 2011 nominum
585 1948 683 2010 literis
713 1949 883 2011 initialibus
906 1947 1043 2013 habent:
1067 1947 1218 2030 ΠΑ(φος)
1240 1945 1437 2029 Ermum),

140 2059 315 2138 KIltuov)
338 2063 410 2124 κτλ.
435 2058 485 2124 Cf.
509 2060 669 2138 Droysen.
695 2079 725 2140 p.
754 2059 802 2137 56.
828 2079 857 2120 n.
882 2075 909 2122 2.

253 2170 364 2251 Atque
393 2190 431 2232 ea
461 2170 592 2250 quidem
625 2169 665 2230 de
695 2169 932 2247 provinciarum
962 2167 1125 2247 catalogol
1159 2204 1200 2214 -
1226 2166 1301 2248 Quo
1332 2166 1445 2227 melius

139 2288 256 2340 autem
280 2280 389 2342 omnia
410 2300 481 2341 sese
512 2279 654 2342 habeant
682 2299 795 2339 eorum
826 2298 910 2360 quae
942 2277 1047 2338 adhuc
1084 2277 1245 2359 disputavi
1268 2295 1443 2338 summam

140 2391 176 2451 in
203 2391 347 2452 medium
372 2385 543 2474 proferam.
591 2387 817 2469 Conscriptum
843 2395 892 2449 est
915 2387 1059 2468 idyllium
1083 2386 1190 2466 paullo
1212 2395 1288 2468 post
1311 2385 1441 2467 nuptias

139 2500 344 2583 Philadelphi
368 2512 401 2562 et
429 2495 589 2563 Arsinoae
618 2520 644 2561 a.
678 2499 750 2560 266.
778 2519 805 2560 a,
831 2495 904 2563 Chr.
938 2517 967 2559 n.
1003 2517 1132 2560 summo
1160 2497 1333 2579 splendore
1363 2494 1444 2558 cele·

138 2611 264 2684 bratas,
289 2631 362 2672 eum
386 2620 418 2673 et
441 2611 639 2672 mentionem
663 2609 760 2672 iaciat
783 2618 881 2688 poeta
904 2608 1088 2690 nuptiarum
1113 2618 1146 2670 et
1176 2627 1234 2668 rex
1264 2605 1444 2688 appelletur

139 2721 295 2803 νυμφίος,
320 2722 539 2803 conscriptum
564 2729 613 2782 est
636 2730 711 2782 ante
736 2719 861 2796 cladem
880 2717 1052 2792 Coensem,
1085 2719 1237 2800 quoniam
1271 2736 1308 2778 ea
1339 2715 1444 2778 insula

138 2831 280 2892 summis
296 2831 476 2893 cumulatur
491 2831 648 2903 laudibus
672 2825 790 2912 quibus
807 2838 905 2909 poeta
925 2828 1045 2890 aulicus
1062 2838 1095 2890 et
1117 2827 1296 2899 blandiens,
1315 2827 1442 2908 qualern

137 2961 179 3002 se
203 2940 267 3001 hoc
290 2942 431 3002 carmine
455 2942 607 3022 praebuit«
625 2939 827 3012 Theocritus,
853 2959 1053 3020 quamquam
1077 2949 1146 2999 erat
1169 2958 1207 2999 ea
1231 2937 1333 2998 insula
1356 2936 1443 3017 regis

137 3051 256 3132 patria,
281 3061 368 3112 certe
394 3045 608 3124 abstinuisset,
634 3051 659 3112 si
687 3049 794 3111 clades
818 3049 869 3110 illa
893 3047 997 3109 fatalis
1021 3049 1086 3110 iam
1108 3047 1229 3113 suisset.
1277 3046 1328 3109 De
1353 3067 1438 3108 anno

138 3169 253 3222 autem
277 3160 357 3222 illius
380 3180 511 3242 pugnae
527 3172 560 3222 et
574 3171 722 3242 tempore
740 3158 811 3220 belli
826 3156 1054 3221 Chremonidei
1069 3156 1149 3219 falsa
1165 3156 1277 3218 statuit
1300 3155 1440 3236 Droyse-

137 3271 231 3332 nius:
256 3269 420 3333 referenda
443 3281 493 3333 est
515 3271 621 3332 clades
646 3272 676 3332 in
700 3289 819 3331 annum
853 3269 924 3344 263.
959 3287 987 3330 a.
1012 3267 1086 3330 Chr.
1118 3288 1165 3350 n.;
1196 3265 1320 3329 bellum'
1347 3264 1442 3330 Chre·

139 3379 334 3461 monideum
359 3381 434 3442 inde
458 3380 500 3442 ab
525 3401 609 3442 anno
642 3382 714 3458 264.
739 3400 766 3444 a.
802 3377 876 3446 Chr.
910 3380 1057 3462 (aestate)
1089 3380 1141 3448 ad,
1160 3379 1235 3440 262.
1268 3377 1328 3458 (vel
1353 3377 1441 3460 261.)

137 3509 247 3570 usque
270 3501 399 3570 gestum
424 3500 480 3552 est.

250 3599 332 3672 Eam
359 3601 563 3674 sententiam,
600 3620 698 3683 quam
731 3600 771 3661 de
804 3599 866 3661 hoe
897 3599 1039 3660 carmine
1071 3599 1277 3660 in'medium
1309 3596 1438 3676 protuli,

135 3711 359 3789 comprobare
381 3712 530 3774 videntur
552 3710 591 3772 id.
615 3709 701 3772 XVl.
728 3729 773 3776 vs.
798 3721 860 3787 95:

303 3815 390 3903 ὄλβῳ
412 3819 471 3904 μὲν
493 3819 623 3894 advene
643 3843 679 3884 τε
702 3819 897 3903 καταβρίθοι
918 3821 1087 3904 βασιλῆας·

300 3927 419 3993 τόσσον
430 3927 481 3994 ἐπ’
496 3921 581 4013 ἆμαρ
594 3925 732 4009 ἕκαστον
742 3927 774 4004 ἐς
791 3927 916 4009 ἀφνεὸν
931 3925 1056 4014 ἔρχεται
1069 3921 1160 3992 οἷκον
1172 3923 1179 4014 ll
1191 3925 1342 3992 πάντοθε
1355 3929 1438 3992 xri:

135 4060 180 4102 ea
193 4038 279 4100 enim
299 4050 375 4101 ante
391 4041 518 4103 cladem
538 4041 762 4119 gravissimam
785 4039 870 4103 illam
884 4041 1008 4123 optime
1024 4039 1085 4101 diei
1102 4046 1263 4120 poterant,
1282 4036 1440 4120 quoniam

98 4233 102 4242 Ι
135 4161 212 4213 tum
235 4148 463 4232 Philadelphus
485 4169 597 4212 revera
625 4171 682 4212 rex
715 4151 957 4232 potentissimus
989 4169 1092 4231 neque
1119 4147 1245 4227 pugnis,
1281 4155 1439 4228 quantum

134 4259 201 4323 n'os
225 4260 342 4321 videre·
356 4280 548 4342 possumus,
585 4260 730 4322 devictus
755 4268 829 4321 erat.
878 4261 1004 4322 Revera
1029 4260 1096 4320 istis
1125 4255 1337 4338 temporibus
1371 4255 1438 4337 qui·
1528 4263 1532 4276 '

133 4449 162 4496 io
184 4445 243 4493 dem
263 4445 351 4494 n‘a'chst
368 4451 483 4512 sph'teren
503 4445 596 4510 Kriege
617 4444 759 4509 geschehen
778 4444 845 4493 sein«
894 4444 982 4508 Itaque
1000 4445 1053 4508 ipse
1072 4443 1186 4506 Droysen
1212 4437 1334 4503 Cyclades
1354 4439 1437 4490 Phila·
1496 4489 1501 4500 ,

135 4537 228 4602 delphi
250 4545 302 4586 tum
322 4537 398 4588 fuisse
417 4539 539 4589 concedit,

251 4627 269 4698 ¹)
291 4631 415 4694 Droysen.
434 4649 460 4696 p.
483 4644 543 4694 319.
562 4648 587 4680 n.
611 4645 635 4680 1:
663 4651 724 4686 t...
749 4631 795 4679 das
819 4629 954 4680 Auslassen
979 4644 1027 4677 von
1055 4627 1155 4690 Kypros
1181 4625 1212 4673 ist
1237 4623 1373 4688 allerdings
1398 4624 1439 4678 bei

134 4737 229 4773 unsern
250 4721 423 4772 Hlillsmitteln
443 4724 637 4772 unerklsrlicm.
