3500 5498
682 532 895 623 *a*

138 735 357 818 perierunt.
396 733 542 815 Quarum
565 754 734 799 causarum
756 737 824 798 sola
839 737 933 799 tertia
952 736 1072 818 aliquid
1095 736 1197 799 valet!
1238 733 1304 798 Sed
1328 754 1435 798 nonne

138 847 257 909 mIrum
293 855 361 919 est,
399 846 488 927 quod
522 846 553 907 in
588 845 793 918 collectione,
829 867 928 928 quam
960 867 1019 908 nos
1050 846 1223 920 habemus,
1263 865 1303 908 ne
1337 863 1436 908 unum

138 957 272 1036 quidem
295 976 425 1020 carmen
450 956 643 1028 bucolicum,
669 966 781 1019 contra
805 957 958 1019 nonnulla
980 978 999 1018 e
1020 977 1140 1038 genere
1165 956 1267 1036 epico,
1293 974 1434 1035 praeser-

139 1067 199 1128 tim
224 1087 297 1129 cum
321 1086 484 1150 perpauca
508 1067 605 1128 etlam
627 1067 760 1148 antiquo
792 1076 941 1146 tempore
969 1068 1144 1139 extiterint,
1183 1064 1355 1128 ›Moscho‹
1389 1065 1440 1126 tri-

141 1177 301 1240 buuntur?
326 1177 376 1239 Ne
393 1197 430 1239 ea
446 1177 577 1258 quidem
595 1178 745 1250 carmina,
770 1198 856 1258 quae,
870 1179 1033 1242 Stobaeus
1058 1175 1094 1241 ἐκ
1121 1183 1181 1240 τοῦ
1202 1173 1337 1256 Μόσχου
1358 1177 1441 1253 βου-

139 1292 329 1352 κολικῶν
359 1289 460 1362 affert,
491 1287 683 1350 bucolica
715 1290 804 1350 sunt!
838 1288 965 1369 Quibus
996 1289 1094 1369 igitur
1127 1287 1224 1348 rebus
1256 1293 1441 1350 commotus

141 1409 192 1461 est
216 1408 345 1461 nostrae
369 1399 567 1461 collectionis
591 1407 711 1467 auctor,
737 1407 773 1459 ut
799 1399 1020 1473 »Moschum«,
1046 1400 1136 1461 cuius
1166 1397 1286 1459 nullum
1311 1397 1343 1458 ln
1371 1389 1437 1458 me·

141 1510 231 1570 diurn
252 1508 386 1590 protulit
424 1527 553 1570 carmen
586 1507 844 1582 bucolicum,
883 1511 988 1591 poetis
1028 1508 1249 1572 bucolicis
1285 1505 1440 1570 adderet?

140 1617 276 1700 Optime
300 1629 410 1680 autem
428 1619 536 1679 omnia
552 1637 623 1678 sese
645 1616 766 1680 habere
783 1619 916 1693 videbis
942 1595 969 1681 si
984 1619 1197 1682 Theocritum
1220 1627 1253 1680 et
1268 1616 1441 1679 Moschum

141 1749 254 1791 revera
278 1749 375 1790 unum
401 1726 498 1790 luisse
522 1736 664 1810 poetam,
690 1727 807 1790 deinde
824 1727 933 1794 aute'm
956 1751 998 1792 ex
1014 1750 1078 1792 uno
1102 1730 1186 1791 duos
1203 1736 1319 1810 poetas
1341 1727 1438 1788 buco·

138 1839 220 1902 licus
243 1838 345 1900 factos
369 1859 440 1908 esse
464 1848 496 1900 et
518 1838 604 1900 hunc
628 1857 767 1899 errorem
791 1838 874 1902 adeo
898 1841 1135 1914 Inveteravisse,
1169 1849 1203 1902 ut
1239 1835 1441 1918 grammatici

141 1948 288 2011 eiusdem
311 1950 450 2011 auctoris
481 1949 540 2010 alia
563 1947 749 2022 Theocrito,
782 1949 843 2011 alia
873 1950 1011 2013 Moscho
1040 1951 1226 2022 tribuerent,
1258 1947 1438 2010 statuimus.

140 2058 242 2140 Quod
264 2058 327 2120 alia
352 2081 385 2122 re
409 2058 651 2141 comprobatur.
697 2058 813 2121 Suidas
837 2061 922 2122 enim
946 2035 1160 2123 Theocritum
1178 2059 1276 2121 etiam
1299 2049 1441 2141 ἡρωίνας

141 2170 308 2249 scripsisse
322 2178 466 2232 testatur.
506 2161 581 2234 'lam
598 2169 624 2230 si
641 2169 771 2250 inspicis
798 2170 991 2232 Theocritea
1008 2170 1129 2232 nullum
1152 2169 1293 2231 invenies
1309 2186 1439 2229 carmen

143 2280 235 2360 quod
259 2300 299 2341 eo
323 2280 453 2342 nomine
477 2289 562 2341 recte
585 2280 740 2361 appellari
764 2281 875 2362 possit.
922 2280 1082 2343 Haulerus
1106 2281 1237 2362 quidem
1262 2280 1279 2341 l.
1295 2280 1312 2342 l.
1339 2300 1372 2361 p.
1391 2295 1437 2358 19.

142 2389 289 2452 Helenae
317 2388 560 2470 epithalamium
587 2389 638 2470 (id.
660 2390 791 2472 XVIII.)
821 2391 1027 2453 heroinarum
1055 2400 1181 2473 partem
1208 2411 1280 2452 esse
1306 2397 1436 2453 censet:

143 2499 204 2560 scd
227 2497 290 2559 hoc
314 2498 427 2560 salsum
451 2509 509 2570 est,
534 2501 688 2579 quoniam
710 2510 835 2562 veteres
859 2521 899 2564 eo
922 2502 1052 2562 nomine
1080 2500 1314 2564 cantilenarum
1336 2499 1439 2581 nupti·

141 2609 241 2671 alium
266 2620 389 2672 certum
414 2615 516 2689 genus
547 2611 717 2672 vocabant.
766 2611 815 2673 Ne
845 2611 1018 2674 Berenicae
1050 2611 1180 2692 quidem
1212 2609 1438 2691 fragmentum,

142 2721 234 2802 quod
274 2721 415 2782 servavit
451 2719 642 2782 Athenaeus
674 2721 756 2804 (Vll.
789 2740 819 2803 p.
855 2723 927 2797 284.
962 2723 1013 2804 a),
1038 2721 1248 2784 heroinarum
1284 2717 1442 2801 particula

139 2831 374 2904 videturesse,
400 2831 475 2914 quia
508 2832 576 2893 sine
612 2831 711 2893 dubio
740 2831 916 2894 Ptolemaei
947 2831 1147 2914 Philadelphi
1171 2839 1308 2894 matrem
1333 2829 1441 2891 divam

140 2941 291 3004 similiter
313 2940 488 3002 celebravit
512 2951 610 3020 atque
634 2940 675 3001 id.
713 2939 813 3007 XVII.
851 2942 957 3024 ipsum
987 2940 1251 3022 Philadelphum:
1277 2948 1346 3002 erat
1375 2940 1439 3002 hoc

142 3071 277 3114 carmen
308 3071 351 3112 ex
381 3051 600 3113 encomiorum
631 3051 697 3113 sive
728 3050 923 3132 hymnorum
960 3071 1089 3134 genere.
1146 3051 1296 3113 Carmma
1330 3059 1439 3112 autem

143 3181 232 3244 quae
256 3161 439 3241 designavit
462 3161 578 3223 Suidas
599 3161 661 3222 sub
684 3160 808 3223 Moschi
832 3163 961 3225 nomine
984 3170 1111 3223 servata
1135 3162 1229 3224 nobis
1255 3169 1338 3234 sunt,
1365 3160 1438 3222 dico

143 3271 289 3334 carmina
312 3267 460 3355 Εὐρώπη
491 3280 524 3332 et
550 3269 686 3352 Μεγάρα
721 3272 881 3354 inscripta,
914 3292 1051 3352 quorum
1081 3271 1206 3333 indoles
1241 3291 1279 3332 ea
1310 3278 1368 3343 est,
1405 3277 1440 3330 ut

142 3392 233 3443 recte
247 3381 447 3462 appellentur
469 3373 613 3466 ἡρωῑναι.
651 3379 733 3444 Sunt
749 3382 827 3444 haec
842 3383 984 3444 carmIna
1000 3381 1086 3443 haud
1103 3381 1235 3460 Indigna
1252 3379 1437 3452 Theocrit0,

143 3493 247 3553 immo
270 3511 400 3553 carmen
420 3487 567 3575 Εὐρώπη
590 3511 632 3553 ex
653 3492 765 3554 intima
788 3501 857 3554 arte
881 3493 1010 3575 poetica
1040 3493 1274 3574 depromptum
1305 3499 1362 3563 est,
1396 3490 1440 3552 ita

143 3611 182 3664 ut
203 3601 397 3663 cantilenam
421 3602 452 3662 in
475 3583 683 3684 Daphnidem
706 3603 936 3666 moribundum
961 3602 1092 3664 omnino
1115 3603 1241 3680 aequet.

252 3711 315 3774 Hic
338 3711 427 3774 locus
451 3722 546 3792 aptus
571 3711 648 3772 mihi
669 3713 796 3776 videtur
819 3735 899 3787 esse,
917 3734 983 3795 quo
1007 3711 1187 3776 accuratius
1210 3711 1251 3772 de
1267 3709 1437 3783 MoscheiS,

142 3843 230 3910 quae
252 3831 418 3895 vocantur,
443 3822 591 3888 scribam.
631 3823 680 3885 Ea
703 3825 835 3904 quidem
858 3824 1001 3886 carmina
1023 3842 1097 3885 cum
1120 3820 1331 3892 TheocriteiS,
1356 3839 1440 3903 quae

142 3933 245 4014 vulgo
268 3942 434 4005 vocantur,
464 3935 666 4015 comporanti
690 3944 775 3997 recte
799 3932 998 4016 Schlegelius
1021 3935 1066 4016 (in
1088 3931 1261 3994 Athenaeo
1285 3930 1303 3994 l.
1324 3929 1357 4010 l.)
1381 3929 1439 3990 tibi

142 4041 307 4105 videbitur
320 4043 493 4122 scripsisse,
519 4044 550 4104 ln
575 4043 736 4105 Moscheis
753 4043 830 4105 nihil
846 4043 985 4115 inveniri,
1004 4042 1092 4124 quod
1112 4041 1154 4102 ab
1166 4049 1234 4101 arte
1247 4038 1440 4100 Theocritea

142 4153 335 4214 abhorreret
348 4155 380 4234 ¹).
417 4153 516 4233 Quod
534 4154 673 4234 egregie,
691 4172 889 4234 quamquam
906 4153 1027 4226 nolens,
1047 4149 1281 4213 demonstravit
1305 4146 1340 4209 C.
1358 4147 1438 4208 Har·

142 4272 234 4342 tung.
261 4261 278 4322 l.
303 4262 333 4335 l.,
358 4251 414 4343 qui
438 4264 571 4325 omnmo
601 4263 632 4324 id
665 4264 740 4344 egit,
776 4273 810 4324 ut
838 4272 971 4344 propter
1002 4261 1160 4324 sermonis
1198 4257 1440 4320 similitudinem

258 4461 274 4530 ¹)
295 4463 383 4510 »Auch
395 4464 422 4511 ln
434 4463 483 4512 den
496 4464 553 4512 dem
568 4464 685 4513 Moschos
697 4463 863 4528 beygelegten
876 4462 1016 4511 Gedicbten
1029 4462 1081 4512 und
1096 4457 1283 4509 Bruchstllcken
1301 4457 1333 4506 ist
1351 4457 1440 4518 nichts,

142 4571 197 4604 was
217 4555 257 4603 die
275 4554 443 4619 eingebildete
471 4555 691 4605 Verschiedenheit
716 4556 760 4604 des
782 4555 928 4604 Characters
952 4553 1100 4619 begrilnden
1118 4553 1222 4601 konnte.
1262 4551 1322 4598 Man
1348 4553 1440 4598 miisste

143 4648 214 4696 deun
234 4647 283 4697 den
303 4647 398 4713 Begrifs
421 4665 470 4697 von
489 4647 533 4696 der
551 4649 647 4698 Mamer
665 4649 709 4697 des
727 4647 873 4697 Theocritos
890 4647 939 4696 viel
965 4663 995 4696 zu
1022 4662 1072 4710 eng
1100 4645 1200 4708 gelasst
1218 4643 1327 4691 baben«.
1347 4640 1443 4691 Athen.

144 4737 162 4787 l.
180 4737 195 4785 l.
215 4754 240 4804 p.
257 4749 316 4802 230.
