3500 5498
810 546 848 626 85

185 767 277 824 sunt:
302 781 347 826 vs.
374 765 432 840 83:
458 757 500 826 ἐν
538 758 578 827 δὲ
617 764 848 848 ρυηφενὶην
886 759 1031 842 ἐ’βαλές
1067 777 1230 842 σφισιν,
1270 759 1314 826 ἒν
1352 753 1486 836 δ’άλις

187 862 332 952 ὄλβον,
355 867 362 960 ll
384 879 464 934 πάσι
486 871 554 955 μέν,
577 869 616 936 οὐ
631 873 719 956 μάλα
735 869 843 938 ὸἸσον·
866 869 977 937 ἔοικε
1001 871 1341 956 ὸὲτεκμήρασθαι
1365 871 1374 956 ll
1395 865 1485 957 ἦμε-

185 977 297 1063 τέρῳ
326 980 525 1063 μεὸέοντι·
548 983 733 1068 περιπρὸ
756 980 831 1068 γάρ
854 980 953 1067 εὐρὺ
980 981 1163 1066 βέβηκεν.
1201 981 1250 1043 Ea
1266 982 1397 1062 quidem
1420 999 1487 1042 ver-

186 1089 326 1152 botenus
349 1094 507 1173 expressit
530 1092 738 1156 Theocritus:
762 1105 937 1175 postquam
960 1093 1046 1156 enim
1069 1091 1153 1153 sicut
1177 1088 1390 1153 Callimachus
1412 1091 1482 1151 avis

183 1219 297 1261 sacrae
313 1203 510 1263 mentionem
530 1202 612 1276 fecit,
631 1205 738 1283 pergit
753 1203 816 1265 hoc
833 1204 932 1263 modo
948 1221 993 1262 vs.
1011 1216 1069 1280 73:
1093 1199 1159 1262 Διὶ
1186 1200 1397 1282 Κρονίωνι
1418 1197 1483 1280 ,αέ-

185 1311 307 1372 λοντι
323 1307 497 1397 [Ιαίὸοῑοι
521 1315 729 1398 βασιλῆες·
754 1308 773 1375 ὸ
795 1307 992 1394 δ’ὄξοχος,
1017 1303 1062 1372 ὸν
1084 1331 1128 1372 κε
1150 1305 1334 1396 patricinii
1351 1305 1486 1391 γεινό-

183 1441 311 1500 μενον
352 1418 403 1484 τά
444 1429 588 1505 πρῶτα
621 1423 729 1506 (scilic.
751 1421 1017 1504 Philadelphum)·
1052 1417 1186 1494 πολὸς
1221 1417 1267 1482 ὸὲ
1298 1415 1335 1482 οἱ
1359 1413 1485 1496 ὄλβος

185 1524 345 1594 daudet.

295 1641 379 1702 Tum
404 1643 435 1703 in
459 1644 625 1724 utriusque
648 1645 788 1706 carmine
805 1639 1007 1722 Philadelphi
1030 1638 1153 1721 imperii
1171 1649 1204 1701 et
1226 1625 1407 1700 divitiarum
1424 1639 1478 1700 do·

185 1751 394 1813 mesticarum
410 1755 555 1836 sequitur
579 1754 761 1836 descripti0,
788 1755 831 1814 ita
846 1763 965 1824 tamen,
985 1760 1019 1810 ut
1035 1747 1250 1846 Callimachus
1266 1749 1371 1810 verbis
1387 1748 1482 1810 latius

185 1862 375 1944 patentibus
406 1864 586 1944 potentiam
619 1865 758 1946 regalem
792 1865 822 1926 in
855 1863 1039 1925 universum
1072 1858 1203 1922 definiat
1233 1862 1291 1941 (vs.
1325 1861 1483 1940 87—91):

184 1981 301 2032 contra
325 1971 516 2035 Theocritus
547 1987 692 2054 eaquae
726 1965 943 2037 Callimachus
973 1971 1096 2034 lineolis
1120 1968 1358 2041 tantummodo,
1383 1979 1417 2028 ut
1440 1969 1484 2030 ita

186 2081 304 2154 dicam,
330 2080 482 2157 definivit,
514 2084 608 2146 latius
637 2096 669 2146 et
698 2105 826 2146 summo
857 2084 1029 2170 splendore
1060 2080 1243 2142 illustravit:
1269 2075 1484 2141 Callimachus

185 2191 294 2269 igitur,
321 2202 355 2254 ut
379 2193 564 2276 exemplum
588 2216 607 2257 a
631 2197 809 2277 pictoribus
838 2204 957 2277 petam,
990 2191 1168 2260 delineavit,
1194 2188 1388 2252 Theocritus
1419 2188 1482 2250 illu·

185 2302 304 2362 stravit
336 2303 498 2365 coloribus
526 2307 663 2367 eandem
693 2307 861 2388 picturam.
910 2303 1021 2383 Atque
1050 2302 1189 2385 primum
1219 2300 1349 2380 quidem
1378 2298 1483 2360 Theo·

186 2411 287 2472 critus
317 2410 428 2492 hymni
457 2433 502 2474 vs.
539 2417 597 2492 84:
631 2413 667 2478 ἐν
690 2408 790 2490 ὄᾶλις
814 2404 912 2493 ὄλβον
943 2412 1091 2492 explicat,
1116 2410 1236 2472 scilicet
1268 2409 1390 2490 patriae
1421 2405 1484 2468 seli-

186 2521 319 2582 citatem
342 2542 513 2596 summam,
537 2534 607 2586 tum
631 2525 816 2589 Callimachi
840 2525 939 2585 verba
965 2523 1021 2606 (vs.
1048 2522 1099 2586 86.
1124 2522 1228 2603 seqq.)
1251 2515 1391 2601 περιπρὸ
1423 2513 1484 2601 γάρ

185 2626 267 2714 εὐρὺ
291 2630 434 2715 βέβηκεν.
460 2630 467 2721 ll
491 2628 636 2719 ἑσπέριος
658 2649 765 2710 κεῖνος
788 2657 823 2719 γε
846 2637 935 2698 τελεῖ
954 2631 998 2696 τά
1018 2653 1076 2694 κεν
1099 2624 1172 2714 ἦριν
1193 2629 1282 2713 adop·
1308 2625 1316 2716 ΙΙ
1338 2622 1484 2710 ἑσπέριος

185 2737 230 2804 τὸ
252 2741 396 2824 μέγιστα,
420 2740 461 2807 τὸ
484 2745 597 2826 μείονα
619 2739 720 2810 ὸέὖτε
743 2745 844 2829 νοήσῃ
868 2743 998 2824 (slonge
1020 2743 1098 2803 alios
1115 2761 1207 2821 reges
1224 2749 1482 2821 praetergressus

186 2859 255 2917 est:
289 2852 349 2914 sub
380 2873 552 2935 vesperum
584 2857 634 2918 ille
656 2857 786 2939 quidem
811 2854 937 2937 perficit
960 2872 1170 2933 quaecunque
1201 2869 1297 2911 mane
1321 2849 1482 2928 excogita·

186 2962 243 3033 vit,
263 2963 325 3024 sub
338 2983 508 3045 vesperum
523 2967 653 3043 maiora,
671 2963 794 3028 minora
807 2965 939 3047 quidem
960 2960 1107 3044 (perficit)
1122 2961 1175 3022 ubi
1192 2959 1334 3039 primum
1356 2959 1483 3038 excogi-

185 3073 303 3155 tavit«)
319 3072 455 3136 illustrat
475 3077 618 3138 versibus
632 3078 706 3139 inde
719 3075 759 3138 ab
780 3075 829 3138 86.
846 3073 887 3134 ad
900 3091 951 3152 94.
973 3091 1090 3154 usque:
1110 3070 1314 3133 Ptolemaeus
1331 3067 1483 3129 Philadel-

184 3182 273 3263 phus
297 3183 444 3246 hostibus
459 3186 593 3248 devictis
616 3187 750 3269 imperio
769 3206 828 3247 suo
847 3204 950 3248 novas
967 3183 1149 3266 provincias
1169 3179 1353 3260 assignavit,
1376 3180 1482 3260 itaque

185 3291 257 3373 ipse
271 3293 400 3369 quidem
414 3294 555 3379 περιπρὸ
564 3292 642 3380 εὸρὸ
654 3295 788 3380 βέβηκεν
797 3297 830 3374 ¹).
855 3295 981 3357 Deinde
993 3293 1126 3356 illustrat
1137 3290 1330 3352 Theocritus
1340 3286 1482 3382 Callima·

185 3401 238 3462 chi
269 3421 380 3464 versus
412 3407 461 3483 89.
494 3425 568 3488 seq:
594 3402 623 3469 οἱ
653 3405 686 3470 de
708 3400 750 3468 τὸ
772 3403 831 3486 μὲν
853 3407 989 3466 πλειῶνι
1017 3398 1059 3464 τὸ
1087 3395 1173 3481 ὸόὸχ
1202 3393 1258 3476 tvl,
1289 3405 1357 3461 τῶν
1387 3393 1483 3460 δ’άπὸ

183 3507 326 3592 πάμπαν
349 3509 357 3599 ll
380 3510 479 3588 αὐτὸς
503 3509 586 3599 ὄνην
613 3511 798 3590 ε’κόλουσας,
829 3511 1023 3586 ἐνέκλασσας
1053 3511 1086 3575 di
1119 3509 1281 3594 μενοινήν,
1306 3508 1400 3573 scilic.
1428 3517 1481 3569 ›tu

184 3622 331 3702 Iuppiter
361 3643 408 3696 ca,
434 3643 517 3704 quae
548 3626 677 3707 assequi
708 3624 881 3686 studebant
915 3621 1034 3703 reliqui,
1060 3620 1247 3704 imperfecta
1271 3617 1424 3698 reliquisti
1447 3626 1481 3680 et

184 3740 293 3792 totum
327 3735 469 3796 studium
506 3735 659 3816 fregisti«.
719 3735 768 3797 Ea
800 3733 908 3805 verba,
943 3751 1027 3814 quae
1061 3731 1288 3794 Ptolemaeum
1322 3730 1479 3790 victorem

183 3840 404 3905 felicissimum
426 3845 605 3933 designant,
631 3866 703 3908 mea
727 3844 886 3906 sententia
910 3841 1076 3904 referenda
1108 3851 1183 3904 sunt
1208 3841 1248 3902 ad
1271 3838 1356 3901 bella
1378 3835 1480 3899 Phila-

182 3949 390 4031 delphicum
414 3955 624 4018 Macedoniae
648 3966 680 4018 et
705 3954 817 4035 Syriae
841 3953 981 4032 regibus,
1029 3951 1096 4013 Eos
1120 3951 1216 4030 igitur
1239 3969 1351 4012 versus
1374 3947 1480 4012 Theo·

182 4062 284 4123 critus
306 4061 472 4127 illustravit
494 4066 568 4128 inde
592 4087 621 4133 a.
644 4087 688 4128 vs.
715 4079 780 4144 95„
805 4063 947 4144 inprimis
969 4071 1078 4123 autem
1102 4060 1251 4142 inspicias
1276 4059 1350 4122 hos:

263 4185 322 4250 95:
348 4168 436 4257 ὄλβῳ
459 4174 518 4257 μὲν
541 4175 670 4250 πάντας
692 4198 729 4238 κε
751 4173 947 4256 καταβρίθοι
969 4175 1133 4254 βασιλῆας.

260 4284 322 4360 98:
347 4279 386 4345 οὐ
402 4283 464 4368 γάρ
486 4308 536 4359 τις
560 4287 660 4370 δηίων
683 4283 869 4367 πολυκήτεα
894 4285 1012 4347 Νεῖλον
1033 4277 1177 4365 ὑπερβάς

344 4391 442 4474 πεζὸς
464 4393 500 4458 ἕν
523 4391 724 4480 ἀλλοτρίαισι
744 4389 826 4473 βοὸν
849 4390 1009 4457 ἐσπάσατο
1031 4389 1161 4475 κώμαις.
1185 4391 1255 4453 κτλ.

295 4567 312 4629 'l
332 4573 390 4620 Non
409 4583 445 4622 est
465 4577 586 4626 mutanda
611 4577 725 4627 codicum
745 4576 832 4625 lectio:
852 4581 917 4622 certe
936 4549 1079 4621 ‘insolenter
1097 4579 1133 4620 est
1152 4565 1256 4619 dictum'
1275 4562 1338 4635 ιύρὸ
1356 4570 1476 4632 βέβηκεν

179 4660 326 4731 (Manet),
341 4673 424 4714 tamen
437 4667 538 4717 delendi
553 4679 635 4735 potest
648 4669 783 4718 Homerico
795 4668 839 4716 illo
850 4661 947 4735 μακρά
959 4659 1050 4730 βιβάς,
1061 4660 1157 4734 μακρά
1168 4666 1284 4728 βέβηκεν
1295 4671 1318 4740 et
1331 4663 1393 4721 sim,
1404 4668 1432 4709 ut
1444 4659 1476 4709 sit

178 4751 252 4822 ιάρὸ
273 4755 459 4819 βιβηκινἹιιιε
473 4779 586 4828 egressus
605 4759 656 4826 est'‚
677 4756 795 4829 πιριπρὸ
807 4755 869 4826 ιόρὸ
888 4763 1005 4824 βέβηκεν
1032 4759 1138 4822 reliquos
1150 4757 1200 4805 lule
1219 4763 1412 4820 praetergressus
1424 4748 1476 4802 est’.
