3500 5498
911 454 951 518 74

822 528 1031 538 -m-——n——v

281 655 323 738 n.)
348 653 444 715 tribui
468 651 612 737 potest¹).
659 653 708 714 Ea
737 651 834 733 igitur
864 653 983 724 contio,
1008 671 1074 734 qua
1097 650 1266 732 Antigono
1289 647 1417 712 Gonata
1441 656 1574 728 petente

283 763 486 846 plebiscitum
523 763 645 826 factum
680 773 729 825 est
759 763 799 825 de
831 763 961 825 Zenone
996 761 1202 846 honorando„
1230 781 1288 825 ms,
1313 759 1489 822 Novembri
1523 757 1577 818 vel

282 873 455 935 Decembri
491 874 564 936 anni
590 875 662 952 265.
688 894 716 936 a.
741 873 813 936 Chr.
840 893 868 934 n.
897 879 982 937 erat:
1017 872 1092 933 anni
1124 871 1196 948 264.
1231 889 1260 931 a.
1296 869 1369 931 Chr.
1407 890 1436 932 n.
1470 869 1576 949 prima

280 991 372 1062 parte
389 981 478 1045 Zeno
503 982 716 1067 philosophus
741 992 827 1046 certe
845 991 990 1044 mortuus
1008 991 1065 1054 est,
1090 990 1125 1043 ut
1148 990 1215 1042 tum
1237 980 1282 1042 tle
1298 979 1435 1042 Zenonis
1451 979 1576 1042 honore

279 1112 408 1154 summo
430 1093 462 1154 in
484 1093 637 1156 contione
660 1102 768 1156 actum
791 1102 885 1166 esset,
904 1113 976 1154 cum
1003 1092 1222 1172 unusquisque
1245 1107 1356 1152 senern
1377 1070 1457 1152 mox
1480 1089 1574 1150 rnori-

279 1211 388 1264 turum
417 1223 488 1266 esse
519 1204 582 1266 iarn
614 1203 820 1284 intellegeret.
879 1203 963 1266 Nam
994 1203 1197 1285 plebiscitum
1229 1199 1305 1262 illud
1336 1219 1445 1262 revera
1479 1209 1573 1262 ante

279 1313 418 1376 Zenonis
453 1323 593 1376 mortem
628 1313 747 1376 factum
782 1335 862 1388 esse,
899 1316 986 1397 quod
1022 1315 1084 1376 iarn
1120 1313 1296 1376 coniecisse
1330 1311 1455 1374 videtur
1484 1331 1513 1374 v.
1541 1311 1572 1375 d.

279 1421 447 1507 Boeckhll,
461 1424 694 1506 comprobatur
710 1425 810 1505 ipsius
828 1425 949 1487 decreti
964 1425 1081 1497 verbis,
1100 1433 1135 1485 ut
1157 1432 1243 1486 recte
1255 1422 1368 1485 statuit
1382 1422 1426 1486 R..
1435 1420 1574 1504 Koepke

279 1534 297 1598 l.
321 1533 339 1600 l.
365 1555 396 1616 p.
427 1535 474 1600 16.
522 1534 659 1616 Saepius
683 1535 771 1596 eninr
799 1534 947 1608 honores,
982 1535 1036 1615 qui
1067 1541 1183 1615 postea
1206 1533 1299 1594 alicui
1323 1542 1453 1594 mortuo
1475 1532 1572 1593 tribu·

280 1652 417 1717 crentur,
444 1645 508 1706 iam
530 1645 606 1706 vivo
629 1644 657 1706 ei
682 1645 774 1726 quasi
796 1655 870 1707 ante
895 1646 980 1708 diem
1006 1665 1076 1706 esse
1100 1643 1248 1706 decretos
1270 1643 1426 1724 exemplis
1443 1643 1574 1704 demon·
1638 1621 1642 1626 V

279 1756 372 1818 strari
400 1763 524 1835 potest:
555 1754 672 1835 quibus
705 1755 862 1837 exemplis
895 1755 1035 1817 Zenonis
1070 1755 1236 1816 decretum
1271 1752 1480 1837 asserendum
1512 1761 1570 1817 est.

278 1864 381 1946 Ipsius
406 1865 525 1928 decreti
557 1863 666 1936 verba,
697 1885 781 1946 quae
812 1885 973 1927 summam
1006 1865 1190 1928 continent:
1226 1862 1307 1945 τύχη
1328 1865 1370 1945 τῇ
1393 1859 1503 1945 ἀγαθῇ
1527 1862 1574 1926 δε-

280 1972 396 2056 δόχθαι
419 1977 470 2058 τῷ
497 1973 587 2057 δήμῳ
610 1971 774 2038 ἐπαινέσαι
802 1973 860 2058 μὲν
882 1973 1022 2058 Ζήνωνα
1046 1972 1197 2038 Μνασέου
1219 1971 1352 2037 Κιττιέα
1381 1973 1436 2036 καὶ
1458 1991 1573 2054 στεφα-

279 2091 380 2148 νῶσαι
400 2087 512 2168 χρυσῷ
529 2083 682 2167 στεφάνῳ
708 2081 793 2149 κατὰ
814 2083 874 2148 τὸν
896 2083 997 2168 νόμον
1012 2080 1129 2169 ἀρετῆς
1153 2080 1247 2147 ἕνεκα
1269 2084 1323 2146 καὶ
1348 2082 1572 2168 σωφροσύνης·

278 2192 483 2280 ὀἰκοδομῆσαι
512 2195 544 2258 δὲ
574 2191 666 2278 αὐτῷ
694 2195 748 2258 καὶ
777 2193 886 2274 τάφον
915 2193 967 2258 ἐπὶ
997 2203 1056 2260 τοῦ
1079 2197 1280 2277 Κεραμεικοῦ
1303 2193 1436 2282 δημοσίᾳ
1461 2194 1571 2275 (Diog.

280 2303 316 2370 L.
342 2304 541 2389 VII.9.11)
565 2315 651 2368 certe
675 2325 747 2366 eam
764 2306 921 2388 praebent
943 2306 1096 2384 speciem,
1122 2315 1156 2367 ut
1181 2305 1222 2366 de
1237 2305 1369 2367 Zenone
1394 2305 1467 2364 vivo
1487 2304 1574 2365 dicta
1662 2384 1665 2390 1

179 2423 182 2432 ’
279 2413 357 2480 sint.¹
398 2413 567 2477 Praeterea
595 2435 701 2497 neque
733 2414 885 2478 credibile
916 2424 965 2476 est
996 2435 1110 2497 neque,
1150 2413 1239 2498 quod
1269 2415 1385 2488 sciam,
1418 2415 1575 2495 exemplis

254 2549 257 2554 ·
280 2523 461 2586 confirmari
485 2534 603 2606 potest,
629 2525 793 2587 hominem
811 2535 974 2587 mortuum
998 2546 1118 2588 corona
1133 2545 1230 2587 aurea
1245 2524 1439 2586 honoratum
1456 2525 1571 2606 essei).

279 2632 340 2696 Vel
373 2634 505 2695 maximi
541 2643 650 2696 autem
685 2636 841 2698 momenti
863 2645 950 2697 ‘sunt
984 2634 1091 2708 verba,
1125 2655 1208 2718 qnae
1237 2644 1305 2697 turn
1341 2643 1518 2716 sequuntur
1541 2635 1573 2696 in

280 2743 429 2806 decreto:
454 2746 513 2829 τῆς
536 2743 569 2808 δὲ
591 2744 751 2827 ποιήσεως
773 2753 832 2810 τοῦ
857 2743 1022 2824 στεφάνου
1044 2745 1173 2829 καὶτῆς
1196 2743 1364 2830 οἰκοδομῆς
1384 2753 1443 2809 τοῦ
1463 2742 1574 2825 τάφου

279 2856 500 2938 χειροτονῆσαι
531 2853 591 2918 τὸν
622 2854 722 2939 δῆμον
746 2853 795 2940 ἥδ
801 2879 821 2940 η
850 2853 928 2930 τοὺς
956 2853 1244 2940 ἐπιμελησομένους
1268 2855 1375 2921 πέντε·
1398 2849 1518 2940 ἄνδρας
1541 2853 1576 2938 ἐξ

283 2958 456 3048 Ἀθηναίων
478 2961 589 3046 atil),
622 2965 718 3031 scilic.
765 2965 983 3028 Athenienses
1010 2968 1073 3028 iam
1098 2977 1184 3039 tunc,
1210 2967 1228 3028 i.
1254 2989 1280 3031 e.
1307 2967 1437 3030 Zenone
1469 2967 1576 3028 adhuc

283 3075 366 3147 vivo,
397 3075 627 3157 quinqueviros
651 3095 793 3138 coronae
826 3075 990 3140 faciendae
1025 3076 1214 3158 tumuloque
1243 3078 1269 3138 si
1301 3096 1351 3138 res
1379 3077 1576 3160 postulasset

391 3339 409 3408 ¹)
432 3343 533 3393 Mecum
554 3343 635 3394 lacere
656 3343 729 3392 video
748 3361 770 3392 v.
791 3344 814 3394 d.
834 3343 966 3408 Gornperz.
987 3344 1016 3393 ci.
1037 3345 1127 3394 Rhein.
1148 3346 1213 3394 Mus.
1233 3345 1266 3393 N.
1287 3345 1314 3394 F.
1335 3345 1451 3394 XXXIV.
1474 3343 1577 3413 (1879.)

281 3452 305 3500 p.
329 3445 392 3498 155:
422 3455 500 3491 ι,,,,
525 3437 605 3485 sicher
623 3435 755 3485 ermittelte
774 3435 918 3484 Thatsache
936 3434 987 3504 (ist)
1097 3437 1154 3486 dass
1173 3438 1242 3487 Zeno
1260 3454 1308 3486 von
1329 3437 1411 3486 Cition
1432 3438 1464 3486 im
1486 3437 1575 3487 Monat

281 3527 473 3592 Skirrophorion
500 3529 545 3577 des
571 3527 821 3593 Olympiadenjahres
845 3527 936 3588 128‚4.
965 3525 1047 3595 (unter
1071 3530 1129 3578 dem
1155 3531 1239 3580 bishcr
1266 3531 1333 3579 nicht
1357 3529 1452 3579 fixirten
1472 3529 1574 3578 Arch‘on

280 3619 441 3686 Arrhenides)
458 3622 591 3685 gestorben
617 3625 659 3680 ist,
685 3621 739 3670 also
762 3621 796 3668 im
816 3619 930 3670 Sommer
953 3621 996 3670 des
1012 3622 1099 3685 Jahres
1119 3623 1170 3682 264
1188 3639 1232 3672 vor
1251 3623 1308 3672 Chr.
1331 3623 1394 3671 Geb.
1419 3623 1480 3671 oder
1502 3633 1568 3686 1753

281 3712 347 3760 nach
365 3712 506 3761 Abrahams
525 3711 635 3773 Geburt,
661 3712 707 3760 wie
727 3712 894 3775 Hieronymus
924 3712 1012 3778 richtig
1031 3714 1133 3763 meldet.
1172 3714 1229 3762 Den
1255 3715 1350 3763 Beweis
1375 3715 1468 3764 hierilir
1492 3715 1576 3764 werde

282 3803 323 3852 ich
342 3803 382 3851 ein
401 3803 530 3852 andermal
548 3803 660 3852 liesern«.
698 3802 773 3866 Quod
792 3819 852 3851 num
873 3791 956 3853 lecerit
974 3806 1066 3854 nescio.

389 3892 409 3962 ²)
428 3895 535 3944 Staatsh.
556 3895 576 3944 1.
596 3912 621 3959 p.
645 3907 703 3956 231.
723 3911 748 3946 n.
768 3911 788 3943 c.
812 3916 892 3950 »,,,,
918 3895 998 3944 dieser
1016 3897 1149 3946 Beschluss
1167 3899 1210 3960 ist,
1230 3899 1313 3948 denkc
1333 3891 1389 3960 ich,
1409 3899 1476 3948 doch
1494 3899 1576 3948 sicher

279 3995 328 4036 erst
347 3987 412 4036 nach
431 3987 489 4037 dem
508 3987 580 4037 Tode
599 3988 643 4036 des
661 3988 729 4036 Zeno
747 3982 918 4050 geschriebern
938 3987 1088 4038 wiewohl
1114 3997 1216 4040 etwas
1243 3991 1341 4041 darin
1363 3993 1572 4054 vorkommt,

279 4096 345 4130 was
372 4080 559 4144 hiergegen
589 4096 625 4128 zu
656 4080 801 4129 streiten
831 4079 983 4141 scheint,
1016 4081 1089 4130 eine
1121 4082 1406 4149 Schwierigkeit,
1438 4085 1492 4134 die
1518 4086 1574 4134 ich

279 4171 411 4220 andern
429 4171 608 4222 tiberiasse
627 4189 663 4222 zu
681 4173 808 4220 lbsene.

389 4261 409 4332 ³)
430 4264 469 4314 Ne
488 4264 659 4314 laudationem
678 4264 780 4329 quidem
800 4264 922 4314 defunctis
942 4282 1052 4330 unquam
1069 4267 1194 4317 decretam
1213 4284 1267 4317 esse
1286 4269 1369 4318 statuit
1384 4269 1505 4333 Koeplre:
1525 4269 1575 4318 hoc

278 4355 353 4420 plane
381 4355 471 4404 salsum
498 4364 548 4417 est,
578 4355 610 4404 cf.
637 4357 748 4406 solemne
775 4356 838 4405 illud
864 4357 964 4408 Periclis
987 4358 1093 4408 militum
1117 4360 1291 4411 defunctorum
1318 4361 1453 4410 laudatoris
1478 4362 1574 4425 publici

283 4449 434 4512 exemplum.

391 4536 410 4607 ⁴)
431 4540 514 4589 Verba
532 4540 636 4590 decreti:
658 4538 734 4598 ὅπως
752 4537 873 4597 ἅπαντες
895 4541 995 4594 ἴδωσιν
1015 4541 1056 4594 ὅτι
1077 4540 1091 4592 δ
1111 4545 1195 4614 δῆμος
1215 4541 1229 4595 δ
1248 4551 1304 4607 ταῖν
1327 4543 1483 4610 Ἀθηναίων
1510 4543 1574 4606 τούς

274 4625 407 4709 ’δγαθοδς
427 4632 489 4682 καὶ
510 4633 644 4692 ζῶντας
663 4641 748 4705 τιμᾷ
768 4635 828 4686 καὶ
850 4633 1138 4700 τελευτήσαντας
1158 4638 1194 4686 nil
1213 4639 1392 4689 demonstrant.
