3500 5498
298 699 452 780 Delphim
477 698 662 762 Simaethae
674 699 697 780 ¹)
728 707 909 760 amatorem
942 700 997 782 (id.
1030 699 1083 781 ΙΙ.)
1114 697 1289 780 appellant
1313 697 1496 779 Myndium:
1524 719 1598 760 narn

298 809 439 890 Myndus
463 808 576 872 Cariae
608 808 767 891 oppidum
800 808 948 889 proxime
980 810 1094 871 aberat
1123 810 1166 871 ab
1190 808 1293 870 insula
1317 807 1365 871 Co
1389 808 1440 892 (cf.
1475 809 1596 870 Ameis.

298 920 339 980 ad
370 919 509 984 Theocr.
534 939 566 1000 p.
592 919 655 1000 8.);
688 918 766 979 latet
798 916 935 980 fortasse
966 918 1025 979 sub
1054 919 1123 980 eius
1160 919 1290 980 nomine
1330 918 1432 981 homo
1467 919 1599 999 quidam
1684 999 1688 1004 Δ

299 1028 461 1108 Myndius,
487 1050 584 1110 quern
609 1029 678 1109 ipse
703 1028 867 1110 cognovit.
915 1028 1006 1090 Idem
1038 1028 1212 1090 dicendum
1245 1039 1294 1092 est
1324 1029 1365 1091 de
1395 1028 1521 1090 Philino
1555 1029 1596 1090 id.

298 1139 347 1211 11,
374 1159 447 1200 curn
472 1139 504 1200 id
528 1158 656 1211 nomen,
681 1147 715 1199 ut
739 1158 836 1218 supra
860 1138 981 1219 scripsi,
1008 1137 1090 1200 inter
1105 1137 1243 1201 Coensia
1259 1138 1388 1224 saepius
1406 1139 1596 1202 inveniatur.

298 1247 372 1310 Huc
393 1257 560 1329 praeterea
583 1246 785 1310 referendum
811 1257 869 1320 est,
895 1248 984 1329 quod
1010 1248 1050 1309 id.
1079 1248 1130 1328 IV.
1156 1264 1207 1326 23.
1232 1247 1464 1331 Στομοίλιμνον
1490 1257 1594 1321 vocat,

300 1378 374 1419 curn
398 1359 429 1419 in
452 1357 554 1420 insula
570 1357 618 1420 Co
642 1367 726 1419 teste
750 1357 913 1420 Strabone
936 1356 1028 1442 κώμη
1043 1359 1255 1442 Στομαλὶμνη
1270 1368 1365 1423 esset.
1389 1357 1437 1424 CI.
1456 1357 1596 1420 Ahrens.

300 1468 319 1530 l.
344 1468 363 1533 l.
388 1467 551 1530 Fritzsche
586 1467 628 1530 ad
650 1467 680 1529 h.
713 1468 731 1534 l.
766 1467 1019 1530 Praeclarissime
1052 1476 1162 1530 autern
1186 1466 1256 1530 Con
1291 1469 1428 1550 patriam
1464 1468 1599 1530 alteram

299 1577 474 1640 celebravit
497 1588 595 1660 poeta
620 1577 728 1658 idyllio
757 1577 837 1643 Vll..
868 1578 958 1658 quod
987 1578 1018 1638 in
1049 1577 1181 1659 optimis
1213 1580 1448 1641 numerandum
1480 1588 1537 1652 est,
1567 1588 1600 1641 et

298 1688 340 1749 id.
364 1687 465 1749 XVII.
489 1709 534 1749 vs.
560 1688 612 1765 64.
638 1708 753 1769 seqq,
779 1688 819 1750 de
843 1687 961 1768 quibus
985 1686 1067 1749 inira
1091 1686 1219 1749 uberius
1236 1687 1330 1750 nobis
1350 1689 1408 1751 erit
1424 1690 1598 1770 agendum.

406 1796 595 1878 Explicasse
621 1796 697 1858 mihi
722 1798 843 1870 videor,
869 1798 1038 1878 quomodo
1068 1799 1178 1878 opinio
1208 1807 1279 1859 orta
1308 1808 1403 1871 esset,
1435 1800 1467 1861 in
1498 1798 1599 1862 insula

301 1906 349 1969 Co
373 1906 584 1986 Theocritum
609 1928 680 1968 esse
704 1917 826 1972 natum.
864 1908 975 1989 Ipsum
999 1916 1108 1968 autem
1133 1918 1266 1990 poetam
1291 1908 1433 1971 Siciliam
1458 1910 1598 1990 patriam

299 2037 370 2078 esse
395 2017 523 2097 saepius
540 2017 707 2099 scripsisse
730 2037 829 2099 supra
851 2017 1005 2082 vidimus:
1030 2026 1128 2098 atque
1144 2035 1217 2077 cum
1244 2015 1275 2076 ii
1299 2015 1369 2088 loci,
1394 2017 1512 2097 quibus
1528 2015 1599 2079 Con

299 2126 443 2189 celebrat
466 2135 573 2208 poeta,
599 2126 677 2188 talia
705 2128 746 2189 de
775 2128 835 2189 hac
866 2128 967 2189 insula
995 2147 1059 2188 non
1090 2125 1274 2197 exhibeant,
1308 2146 1372 2187 non
1403 2127 1508 2199 vide0‚
1544 2147 1602 2188 cur

299 2237 408 2318 potius
432 2256 506 2298 curn
531 2245 607 2298 nota
630 2235 689 2308 illa,
716 2256 813 2317 quam
839 2237 955 2298 Suidas
979 2237 1114 2311 addidit,
1138 2233 1168 2300 oi
1191 2235 1226 2300 δέ
1247 2255 1326 2316 φασι
1345 2238 1451 2320 Κῷον,
1476 2239 1600 2319 paroi-

300 2362 397 2430 κησε
426 2345 459 2408 δὲ
477 2343 513 2409 ἐν
542 2345 781 2429 Συρακούσαις,
814 2347 930 2429 spretis
961 2347 1153 2408 testimoniis
1184 2347 1398 2426 gravioribus,
1433 2344 1598 2409 iaciamus.

223 2501 225 2508 .
298 2455 392 2518 Hanc
423 2457 616 2519 sententiam
649 2457 774 2536 optime
805 2456 940 2519 illustrat
972 2457 1074 2538 epigr.
1105 2456 1206 2517 XVII.
1241 2458 1307 2539 (ap.
1333 2454 1471 2517 Ahrens.
1498 2455 1600 2536 VIII.)

300 2567 332 2627 in
360 2565 547 2647 Epicharmi
577 2565 712 2627 Coensis
741 2575 882 2628 statuam
914 2567 1079 2648 scripturn.
1136 2565 1279 2628 Coenses
1310 2565 1396 2626 enirn
1428 2564 1599 2645 Syracusis

299 2675 484 2738 habitantes
507 2675 694 2750 Theocrito,
720 2696 817 2757 quem
842 2677 954 2738 matris
987 2696 1107 2757 genere
1129 2675 1291 2738 Coensem
1320 2695 1391 2737 esse
1415 2676 1598 2737 adolescen-

298 2795 432 2866 temque
455 2787 500 2849 ibi
524 2787 623 2848 vitam
648 2787 775 2867 degisse
810 2787 983 2859 sciverunt,
1018 2786 1109 2868 quasi
1132 2784 1203 2847 Coo
1233 2785 1307 2846 illud
1337 2786 1540 2866 epigramma
1569 2785 1601 2848 in

298 2894 494 2976 Epicharmi,
519 2895 578 2958 Coi
602 2895 743 2958 hominis
771 2906 848 2958 tunc
877 2896 1089 2969 celeberrimi,
1122 2895 1280 2958 honorem
1312 2895 1517 2956 scribendum
1549 2896 1602 2957 de-

299 3006 472 3068 mandasse
496 3007 653 3068 videntur.
1490 2991 1493 3000 Δ

922 3174 978 3248 lll.

458 3349 587 3412 schol.
617 3352 758 3432 θεοκρ.
784 3349 863 3432 γέν.
890 3345 1054 3433 ἀκουστὴς
1078 3348 1111 3412 δὲ
1134 3347 1244 3432 γέγονε
1268 3351 1397 3431 Φιλητᾶ
1408 3347 1463 3410 καὶ
1486 3343 1603 3429 Ἀσκλη-

460 3456 580 3522 πιάδοο
601 3449 649 3522 ὧν
672 3458 871 3543 μνημονεύει.

407 3568 562 3630 Philetam
587 3567 693 3632 Coum
718 3578 750 3630 et
773 3568 1004 3651 Asclepiadem
1021 3568 1168 3632 Samium
1183 3567 1349 3630 Theocriti
1372 3574 1603 3648 praeceptores

299 3678 398 3740 luisse
422 3678 612 3759 interpretes
642 3688 768 3742 veteres
800 3699 841 3741 ex
874 3679 915 3744 id.
949 3679 1018 3741 Vll.
1053 3695 1106 3756 40.
1140 3699 1206 3759 seq.
1239 3685 1326 3739 recte
1364 3676 1600 3738 concluserunt.

409 3853 427 3924 ¹)
448 3858 504 3906 Hoc
523 3857 624 3905 nomine
642 3865 736 3906 veteres
753 3865 847 3907 certum
860 3858 1063 3907 muliercularum
1084 3871 1163 3921 genus
1181 3856 1326 3920 designasse
1344 3855 1471 3903 videntur:
1492 3853 1524 3905 ci.
1539 3855 1595 3904 Ari·

299 3949 382 4014 stoph.
402 3950 467 3998 Ach.
489 3960 555 4012 524:
581 3943 685 4014 πόρνην
706 3949 736 4000 δὲ
758 3955 907 4018 Σιμαίθαν
934 3947 1023 4006 ἰόντες
1043 3947 1198 4016 Mryripndr
1219 3945 1226 4016 ll
1245 3953 1358 3998 νεανίαι
1383 3947 1535 3998 κλέπτουσι
1555 3963 1591 4016 με

298 4038 501 4106 ι’ὶνσοκόιτιιβοι
523 4039 627 4110 (Athen.
640 4042 713 4090 XIll.
728 4052 786 4105 570.
801 4040 825 4110 a)
868 4042 984 4092 Ceterum
1003 4058 1054 4091 non
1066 4041 1140 4089 video
1158 4057 1202 4090 cur
1219 4041 1264 4089 viri
1284 4041 1352 4089 docti
1371 4049 1422 4090 tam
1441 4042 1603 4091 vehementer

300 4136 332 4184 de
358 4152 387 4186 ea
413 4137 560 4200 quaestione
583 4134 780 4200 disputaverint,
807 4144 889 4185 utrum
915 4136 946 4184 sit
971 4134 1100 4184 Simaetha
1127 4149 1157 4181 ex
1183 4132 1271 4181 intima
1300 4133 1374 4196 plebe
1397 4132 1504 4181 oriunda
1523 4147 1602 4182 necue

304 4225 346 4295 (cf.
367 4228 461 4278 Ameis.
482 4229 515 4276 ad
534 4228 641 4277 Theocr.
662 4243 687 4291 p.
713 4239 751 4287 14.
787 4228 888 4292 Jacobs.
910 4228 941 4277 ad
961 4244 996 4278 vs.
1021 4239 1077 4275 100.
1109 4227 1206 4274 Ahrens
1225 4224 1268 4274 l.l.
1290 4241 1315 4290 p.
1335 4237 1396 4285 422.
1416 4223 1478 4288 al.):
1498 4225 1604 4274 omnino

302 4322 439 4370 tenendum
457 4329 501 4382 est,
522 4328 653 4385 quaestum
672 4319 759 4369 talium
783 4321 915 4369 mulierum
933 4318 1056 4369 luxuriam
1080 4318 1186 4367 vestium
1211 4317 1337 4383 flagitare;
1366 4319 1469 4383 pudoris
1488 4317 1599 4382 quodam

303 4413 386 4477 gradu
405 4413 555 4462 Theocritus
573 4420 638 4461 recle
656 4428 713 4461 eam
732 4412 866 4472 exornavit,
886 4412 1004 4475 quoniam
1018 4410 1110 4459 semina
1123 4409 1237 4461 sordibus
1250 4411 1352 4476 oppleta
1365 4411 1469 4460 omnino
1488 4410 1605 4458 abbonet

300 4506 333 4553 ab
356 4505 410 4554 eius
435 4505 493 4554 artis
512 4505 611 4571 poetica
629 4505 748 4555 eratione.
784 4504 825 4551 Ad
844 4514 937 4553 rectam
956 4503 1147 4568 explicationem
1165 4503 1277 4566 proxime
1296 4502 1399 4550 accessit
1417 4501 1437 4551 1.
1458 4501 1485 4549 P.
1502 4501 1531 4550 E.
1546 4501 1607 4550 Gre-

302 4611 386 4646 verus:
415 4597 507 4646 KleIne
526 4598 649 4663 Beytrdge
667 4612 709 4647 zur
728 4596 871 4663 Erklarung
890 4595 944 4644 und
962 4594 1047 4646 Kritik
1065 4594 1109 4645 der
1129 4593 1226 4662 Idyllen
1245 4593 1391 4658 Theocrits,
1412 4595 1518 4646 Bremen
1540 4593 1608 4662 1830

300 4687 333 4736 ad
351 4688 384 4736 II.
409 4687 467 4749 146.
