3500 5498
928 499 970 562 26

843 589 1053 613 *φ’-*Ὗ

304 709 455 773 Ceterum
478 711 511 773 hi
533 713 668 786 πίνακες
691 710 777 774 hunc
798 711 830 773 in
853 712 987 774 modurn
1010 711 1155 774 instructi
1178 719 1279 776 erant.
1293 708 1316 793 ¹)
1361 710 1501 772 Primum
1526 731 1600 772 auc·

303 820 381 884 toris
405 822 534 884 nomine
557 822 646 885 edito
669 831 701 885 ct
722 823 748 886 si
773 822 814 885 de
837 842 876 884 eo
907 820 1042 884 dubium
1074 830 1142 884 erat
1174 820 1237 884 hoc
1270 822 1395 885 monito
1420 822 1533 905 (Diog.
1559 823 1597 887 L.

304 932 357 995 IX.
386 934 452 1016 23.)
476 933 541 995 vita
564 933 633 996 eius
656 933 797 996 breviter
817 933 1080 999 describebatur:

347 1063 385 1127 cl.
408 1063 509 1146 epigr.
534 1064 560 1130 l:
585 1059 683 1139 ἄλλος
705 1059 724 1127 ὁ
747 1035 838 1139 Χῖος·
861 1061 924 1146 ἐγὼ
947 1063 980 1128 δὲ
1003 1062 1187 1147 Θεόκριτος,
1212 1059 1248 1138 ὃς
1271 1059 1343 1129 roid‘
1355 1063 1492 1149 ἔγραψα,

463 1167 509 1248 είς
533 1171 601 1238 ἀπὸ
621 1181 690 1238 τῶν
712 1177 846 1239 πολλῶν
868 1174 929 1257 είμὶ
952 1175 1179 1259 Συρηκοσίων,
1293 1233 1297 1242 ,

462 1282 532 1360 υἱὸς
554 1268 769 1369 Πραξαγόρου
792 1287 996 1371 περικλειτῆς
1019 1307 1054 1348 τε
1084 1286 1227 1369 Φιλίνης.

410 1416 493 1480 Cum
515 1426 624 1479 autem
647 1436 712 1478 non
736 1416 860 1478 dicatur
884 1415 924 1477 de
949 1424 1054 1478 morte
1078 1415 1252 1484 Theocriti.
1278 1417 1431 1478 audacius
1454 1424 1598 1479 statuere

304 1526 381 1589 mihi
404 1547 468 1589 non
492 1526 612 1600 videor,
637 1527 792 1607 scriptum
814 1547 886 1588 esse
902 1526 965 1588 hoc
983 1527 1183 1607 epigramma
1208 1526 1283 1587 vivo
1306 1527 1404 1588 etiam
1420 1523 1598 1587 Theocrito

303 1637 335 1700 in
357 1625 581 1699 collectionem
605 1638 668 1724 iam
690 1645 759 1698 tum
784 1635 911 1699 factam.
939 1675 979 1684 —
1004 1635 1210 1718 Sequebatur
1232 1636 1343 1698 titulus
1366 1636 1484 1717 operia,
1508 1635 1598 1698 cuius

303 1747 329 1809 si
352 1747 473 1829 duplex
494 1756 571 1821 erat,
598 1756 732 1828 uterque
755 1747 853 1810 literis
877 1748 1134 1833 consignabatur
1158 1747 1292 1830 (Athen.
1318 1747 1372 1812 XI.
1397 1748 1503 1828 496‚);
1528 1755 1599 1808 tum

304 1857 411 1942 operis
439 1856 564 1919 initium
597 1858 808 1923 indicabatur.
855 1857 963 1920 Etiam
993 1859 1125 1920 brevem
1150 1859 1332 1938 argumenti
1361 1857 1597 1919 enarrationem

304 1969 484 2049 cuicunque
506 1967 597 2049 operi
620 1968 779 2030 adiectam
803 1967 900 2063 fuisse
923 1968 1073 2049 suspicati
1097 1967 1171 2030 su‘nt
1194 1967 1296 2029 Meier
1327 1968 1485 2050 (prooem.
1517 1976 1598 2032 aest.

304 2077 376 2140 Hal.
406 2078 498 2157 1836.
524 2077 647 2165 p.·Xl.)
678 2087 711 2140 et
733 2078 957 2140 Wachsmuth.
988 2077 1109 2160 (Philol.
1134 2078 1220 2143 XVI.
1254 2077 1331 2154 665.
1361 2078 1474 2158 seqq),
1508 2078 1598 2157 quod

304 2207 382 2250 vero
403 2187 605 2250 addubitavit
627 2187 759 2253 Lincke.
806 2187 1012 2251 Manifestum
1037 2198 1147 2250 autem
1162 2198 1212 2251 est
1227 2187 1385 2249 rationem
1401 2188 1496 2250 aliam
1513 2197 1600 2250 certe

305 2297 402 2361 fuisse
426 2299 457 2360 in
480 2297 606 2378 magnis
630 2299 783 2379 operibus
806 2298 858 2360 vel
880 2297 1016 2381 poeticis
1038 2298 1089 2360 vel
1119 2299 1264 2360 oratione
1294 2299 1436 2380 pedestri
1461 2298 1597 2380 scriptis,

306 2407 400 2470 aliam
425 2409 457 2471 in
480 2409 673 2470 carminibus
690 2409 886 2472 minusculis.
933 2408 1164 2471 Veridissimile
1181 2409 1265 2470 enim
1285 2417 1334 2470 est
1349 2399 1600 2489 uniuscuiusque

306 2519 455 2582 carminis
478 2518 641 2581 Theocriti
666 2519 790 2581 initium
822 2518 853 2581 in
877 2518 1025 2599 catalogo
1058 2518 1110 2580 illo
1141 2518 1338 2601 descriptum
1371 2539 1457 2594 esse;
1491 2519 1599 2600 itaque

306 2649 369 2710 ego
393 2629 593 2703 crediderim,
623 2649 735 2692 eorum
763 2639 945 2711 poetarum,
976 2629 1029 2710 qui
1057 2629 1221 2710 poematia
1251 2629 1462 2711 scripserunt,
1493 2629 1600 2691 solum

307 2760 410 2820 genus
426 2741 601 2822 poeticum,
621 2761 687 2822 quo
704 2741 845 2802 maxime
857 2739 1067 2813 inclaruerint,
1087 2739 1237 2801 brevibus
1251 2739 1478 2801 adumbratum
1492 2738 1599 2805 luisse.

308 2849 406 2931 Quod
430 2851 549 2912 factum
573 2851 721 2912 videmus
742 2852 774 2913 in
806 2852 906 2932 epigr.
933 2851 973 2912 de
997 2871 1064 2933 quo
1095 2850 1233 2931 agimus,
1267 2851 1356 2934 cuius
1379 2841 1425 2910 vs
1453 2849 1600 2912 ultimus:

405 2945 407 2952 Α
470 2969 595 3043 μοῦσαν
617 2955 780 3044 (ίόιίνείην
803 2953 902 3025 οὔτιν’
924 2958 1165 3045 ἐφειλκυοοίμην

310 3081 422 3154 aperte
445 3072 594 3148 designat
617 3071 825 3135 Theocritum
850 3071 1027 3133 carminum
1050 3070 1271 3133 bucolicorum
1300 3079 1450 3152 poetam,
1483 3071 1601 3151 quibus

311 3183 453 3244 maxime
476 3182 635 3246 inclaruit:
659 3202 731 3262 eg0‚
757 3183 801 3244 ita
825 3182 911 3244 enirn
933 3181 1126 3243 Theocritus
1150 3181 1284 3262 loquens
1312 3181 1480 3254 inducitur,
1507 3180 1600 3261 Syra-

311 3313 449 3354 cusanus
483 3312 576 3353 musa
608 3292 786 3372 alienigena
814 3299 923 3373 spreta
951 3291 1089 3372 patriam
1120 3291 1137 3352 i.
1165 3313 1191 3352 e.
1225 3289 1406 3353 bucolicam
1438 3290 1520 3353 colui
1551 3292 1603 3353 vel

310 3403 415 3464 colere
437 3422 619 3484 coeperam.
667 3403 718 3464 Ex
740 3401 803 3464 hoc
826 3402 937 3483 epigr„
963 3402 1016 3482 qui
1040 3401 1137 3482 igitur
1160 3400 1231 3463 lons
1255 3409 1324 3464 erat
1356 3401 1507 3482 optimuS,
1533 3399 1601 3464 Sui-

310 3513 367 3575 das
390 3534 503 3579 eorum
528 3533 611 3595 quae
635 3514 676 3576 de
699 3512 875 3575 Theocrito
898 3511 989 3574 affert
1005 3520 1131 3593 partem
1154 3511 1268 3576 hausit.
1316 3512 1398 3574 Rem
1422 3521 1531 3574 autem
1556 3512 1602 3574 ita

309 3624 460 3700 instituit,
487 3634 521 3686 ut
545 3601 598 3698 ea,
624 3644 707 3706 quae
731 3644 796 3685 non
819 3623 1029 3684 conuenirent
1052 3643 1125 3684 cum
1150 3621 1261 3701 epigr,
1288 3621 1438 3712 dubitans
1454 3621 1599 3689 afferret:

310 3755 383 3796 cum
413 3735 508 3816 igitur
536 3734 638 3815 epigr.
668 3755 714 3800 vs.
740 3733 851 3795 ultimo
874 3731 943 3794 sola
973 3731 1118 3793 bucolica
1148 3741 1182 3792 ut
1204 3731 1398 3794 Theocritea
1432 3732 1601 3812 designata

308 3845 474 3919 inveniret,
508 3844 549 3906 de
580 3844 709 3924 reliquis
736 3841 929 3905 carminibus
960 3840 1159 3903 Theocriteis
1190 3840 1348 3904 dubitavit
1379 3851 1411 3904 et
1441 3841 1527 3916 τινὲς
1556 3842 1600 3921 da',

306 3955 445 4037 scripsit,
470 3951 689 4040 ἀναφέρουσιν
711 3953 756 4029 είς
771 3949 874 4016 αὐτὸν
896 3946 962 4018 xri.

413 4079 639 4142 Dubitandum
663 4087 861 4140 autemnon
885 4085 943 4150 est,
970 4075 1048 4156 quin
1071 4074 1264 4138 Theocritus
1296 4097 1334 4139 ea
1368 4098 1501 4160 quoque
1533 4099 1598 4141 car·

307 4191 402 4264 mina,
427 4209 511 4270 quae
542 4188 632 4251 addit
656 4187 782 4262 Suidas,
815 4206 927 4248 revera
956 4187 1191 4268 composuerit:
1228 4187 1410 4271 Προιτίδας,
1441 4183 1598 4267 Ἐλπίδος,

305 4293 437 4383 ὕμνους,
461 4294 613 4384 ἡρωίνας,
637 4295 803 4384 ἐπικήδεια
826 4295 915 4382 μέλη,
937 4295 1085 4380 ἐλεγείας,
1107 4295 1253 4380 ἰάμβους,
1277 4295 1511 4383 ἐπιγράμματα.

412 4431 522 4512 Atque
547 4431 773 4494 Proetides
794 4429 925 4512 quidem
947 4437 1094 4493 servatae
1117 4431 1212 4492 nobis
1237 4450 1302 4492 non
1324 4440 1419 4494 sunt:
1445 4450 1495 4494 res
1518 4451 1599 4513 quas

417 4713 433 4785 ¹)
454 4716 494 4768 Cf.
515 4717 613 4766 Lincke
631 4717 646 4765 l.
671 4718 689 4769 l.
710 4733 735 4782 p.
754 4728 796 4780 37.
