3500 5498
748 553 788 620 95

5 803 19 829 .
126 755 253 818 lemnes
269 755 459 837 respexisse.
508 753 618 835 Atque
635 773 708 815 cum
725 763 971 832 praetereavss.
997 772 1065 833 124.
1090 768 1158 834 125.
1206 755 1426 824 Ptolemaeum

126 865 374 947 Philadelphum
410 865 597 947 parentibus
632 863 753 946 templa
785 865 1039 945 praeclarissima
1070 866 1252 928 condidisse
1290 866 1423 935 dicatur.

125 977 215 1038 haud
241 976 318 1040 false
345 977 486 1038 scribere
516 973 593 1036 mihi
625 974 746 1045 videor,
772 973 983 1036 Theocritum
1018 973 1092 1037 inde
1128 996 1264 1038 aversu
1293 975 1340 1041 16.
1365 984 1424 1037 sta·

124 1096 202 1148 tuas
225 1087 256 1147 in
278 1094 448 1168 parentum
472 1084 601 1167 templis
624 1084 800 1146 collocatas
825 1085 1042 1163 descripsisse.
1089 1085 1163 1148 Hoc
1187 1086 1217 1146 ni
1240 1085 1331 1147 fallor
1354 1086 1426 1168 ipsa

124 1196 230 1258 verba
251 1196 414 1258 Theocriti
439 1195 596 1260 indicant:

290 1309 392 1390 τῆνον
414 1305 469 1369 καί
491 1303 667 1388 μακάρεσσι
690 1303 799 1388 πατὴρ
823 1298 978 1388 ὁμότιμον
1002 1302 1123 1390 έθηκεν

290 1413 482 1491 ἀθανάτοις,
507 1413 562 1478 καί
585 1412 615 1479 οἱ
636 1414 815 1497 χρύσεος
838 1415 995 1500 θρόνος
1018 1413 1053 1479 έν
1075 1413 1150 1490 Διὸς
1172 1413 1254 1498 οίκῳ
1271 1416 1291 1500 ¹)

290 1525 495 1611 δέδμηται·
519 1522 610 1610 παρὰ
633 1521 764 1590 ὀάὐτὸν
779 1524 981 1610 Ἀλέξανδρος
1004 1528 1084 1607 φίλα
1107 1523 1199 1599 είιίιὸς

289 1631 463 1720 ἓὸριάει,
486 1635 627 1720 Πέρσῃσι
650 1633 751 1717 βαρὺς
774 1633 853 1710 θεὸς
876 1634 1102 1720 αἰολομίτραις.

289 1744 386 1812 ἀντία
409 1746 434 1811 δ’
458 1739 677 1830 Ἡρακλῆος
701 1740 798 1830 έὸρα
821 1746 1134 1831 κενταυροφόνοιοί)

288 1851 455 1939 ίὸροται
480 1868 670 1940 στερεοῑο
691 1855 924 1940 τετυγμένα
947 1855 989 1940 ἐξ
1018 1854 1264 1940 ἀδάμαντος.

126 1965 237 2028 Etiam
272 1987 383 2028 versus
406 1967 481 2032 inde
517 1987 535 2029 a
560 1969 610 2030 28.
644 1987 718 2028 eum
749 1969 906 2050 praebent
938 1977 1158 2052 conspectum,
1192 1975 1226 2027 ut
1258 1986 1322 2027 non
1353 1966 1420 2028 sine

124 2077 215 2138 omni
240 2077 306 2137 veri
329 2078 438 2158 specie
459 2076 670 2139 Theocritum
693 2079 819 2158 pictura
849 2077 990 2158 quadam
1021 2079 1198 2141 adductum
1231 2097 1288 2138 eos
1318 2076 1424 2138 condi-

125 2187 216 2248 disse
240 2187 335 2248 dicas.

632 2368 829 2453 Excursns
855 2380 918 2453 111.

236 2553 288 2615 De
309 2552 470 2621 Theocrit.
497 2556 537 2618 id.
563 2555 663 2618 XVII.
689 2576 751 2618 vss.
776 2573 829 2633 40.
854 2576 945 2636 seqq.

668 2657 731 2730 ὧδέ
752 2688 789 2730 κε
813 2667 905 2730 ποιοί

288 2773 456 2857 θαρσήσας
481 2774 682 2860 σφετέροισιν
704 2774 872 2860 ἐπιτρέποι
895 2770 986 2839 οἶκον
1009 2766 1150 2850 ἅπαντα,

289 2877 415 2948 ὁππότε
438 2907 496 2948 κεν
519 2884 643 2965 φιλέων
666 2887 761 2967 βαίνῃ
784 2885 876 2968 λέχος
899 2883 931 2959 ές
955 2883 1138 2968 φιλεούσης.

289 2989 452 3078 ἀστόργοο
475 2996 508 3060 δὲ
531 2993 685 3078 γυναικὸς
707 2993 756 3059 ἐπ’
783 2991 949 3080 ἀλλοτρίῳ
975 2992 1053 3069 νόος
1077 2993 1148 3071 αίεί,

290 3105 400 3188 <latura
424 3105 457 3170 da
481 3107 583 3191 γοναί,
605 3104 704 3169 τέκνα
725 3098 868 3170 ὁόὔποτ’
890 3103 1018 3170 ἐοικότα
1040 3104 1141 3188 πατρί

124 3214 331 3294 Droysenius
354 3213 372 3276 1.
398 3215 416 3277 l.
442 3237 473 3298 p.
500 3217 573 3297 346.
598 3236 626 3278 n.
652 3233 680 3278 2.
713 3216 795 3278 haec
825 3217 856 3278 in
887 3217 1030 3278 medium
1062 3213 1304 3297 protulitz....
1332 3211 1427 3276 ›Und

124 3322 180 3384 ich
204 3324 319 3396 meine,
344 3324 502 3389 Theokrit
526 3325 642 3389 dachte
666 3327 734 3389 hier
755 3348 796 3388 an
819 3328 872 3389 die
894 3326 1026 3388 Wittwe
1050 3326 1107 3387 des
1130 3324 1253 3405 Magus
1278 3343 1343 3384 von
1369 3323 1426 3384 der

124 3431 474 3514 Klatschgeschichten
500 3439 558 3500 der
584 3437 850 3500 skandaldsesten
877 3437 941 3500 Art
964 3437 995 3498 in
1025 3435 1132 3498 Masse
1153 3454 1205 3495 am
1244 3430 1331 3494 Hofe
1361 3451 1426 3493 von

124 3543 348 3606 Alexandrien
370 3546 401 3606 in
427 3545 605 3628 Schwange
630 3566 779 3627 gewesen
809 3549 877 3609 sein
901 3547 1040 3610 werden.
1091 3544 1173 3605 »Die
1203 3542 1327 3605 Kinder
1350 3541 1424 3604 dem

124 3653 230 3715 Vater
253 3654 341 3716 nicht
364 3655 488 3736 gleich‹
515 3657 644 3720 bezieht
667 3658 735 3720 sich
766 3658 851 3718 darm
875 3656 934 3719 auf
958 3656 1127 3728 Berenice;
1160 3653 1226 3715 und
1256 3672 1339 3713 zwar
1367 3671 1427 3712 vor

125 3763 212 3825 ihrer
239 3763 497 3846 »hochherzigen
521 3766 627 3828 That‹
655 3786 762 3846 gegen
789 3767 879 3828 ihren
904 3763 1212 3828 ehebrecherischen
1237 3761 1424 3841 Briiutigam

127 3873 328 3936 ‹Demetrius
352 3875 495 3961 Pulcher)
519 3877 592 3938 sind
615 3876 667 3938 die
692 3877 792 3939 Verse
816 3876 902 3938 dann
925 3874 1169 3956 geschriebene.
1218 3871 1267 3933 Ea
1290 3871 1424 3952 quidem

127 3985 316 4064 interpretio
351 3986 567 4048 audacissima
604 3986 681 4048 mihi
723 3987 850 4049 videtur
884 4007 964 4060 esse,
1001 4004 1075 4047 cum
1118 3983 1232 4045 eadem
1268 3981 1425 4043 Berenice

238 4202 256 4271 ¹)
278 4204 373 4268 »Igitur
390 4206 539 4265 Alexandri,
565 4207 700 4260 Ptolemaei
720 4207 756 4268 1..
782 4208 898 4257 Herculis
916 4215 1012 4256 statuae
1031 4203 1170 4269 intemplo
1189 4202 1255 4252 lovis
1273 4210 1344 4250 erant
1363 4219 1425 4250 con·

127 4298 233 4347 iunctae.
272 4297 361 4346 Talem
380 4305 466 4346 autem
485 4299 620 4348 eorundem
640 4300 768 4363 signorum
787 4300 986 4364 complexionem
1007 4299 1039 4347 ad
1059 4296 1187 4362 exemplar
1205 4295 1286 4355 illius,
1316 4294 1425 4358 quaein

127 4391 222 4455 templo
241 4389 308 4438 lovis
326 4397 385 4449 erat,
404 4389 545 4440 confectam
564 4391 588 4439 in
607 4408 703 4456 pompa
721 4392 823 4441 ductam
842 4407 896 4440 esse
914 4400 1002 4457 putor.
1032 4391 1125 4454 Kamp.
1147 4389 1164 4437 l.
1183 4388 1200 4438 l.
1220 4404 1245 4452 p.
1270 4399 1308 4435 12.
1329 4403 1354 4437 n.
1384 4386 1424 4434 De

81 4543 86 4552 ι
127 4483 186 4532 Iove
199 4483 400 4532 Ptolemaeorum
414 4483 496 4547 stirpis
515 4491 601 4533 autore
619 4483 649 4533 cs.
665 4482 694 4533 C.
712 4484 731 4532 l.
746 4484 788 4534 Gr.
802 4500 827 4533 n.
845 4493 923 4547 5127.
943 4499 1054 4532 monum.
1074 4481 1151 4530 Adul.
1184 4479 1271 4528 Iustin.
1284 4479 1377 4528 XXlV.
1393 4489 1421 4526 2:

127 4575 194 4624 lovis
212 4575 343 4640 templum,
364 4575 509 4625 veterrimae
528 4576 697 4625 Macedonum
715 4577 851 4641 religionis.
891 4577 997 4626 Preller:
1018 4575 1062 4625 Gr.
1084 4573 1164 4637 Myth.
1186 4571 1205 4620 l.
1230 4583 1286 4632 119.

205 4733 210 4744 ι
235 4664 257 4736 ²)
276 4668 435 4717 Ptolemaeus
453 4667 472 4718 l.
487 4668 597 4734 Philippi
616 4667 681 4718 filius
700 4669 829 4718 serebatur.
863 4670 928 4720 Plut.
947 4670 1064 4722 Alexa:
1085 4663 1269 4731 Ἀλέξανδρος
1287 4668 1325 4733 τῷ
1344 4666 1423 4733 μένοι

128 4755 198 4830 πράς
217 4757 319 4830 πατρὸς
340 4753 371 4823 ἢν
389 4755 569 4828 Ἡριικλιέέης
588 4757 640 4812 rin«)
665 4757 797 4832 Καριίνον
