3500 5498
939 491 976 557 52

290 731 291 736 η
314 685 468 761 felicibus,
495 689 535 750 de
558 689 682 771 poculis
707 699 740 752 et
761 691 897 782 osculis;
913 711 1031 755 nonne
1046 701 1132 756 recte
1148 700 1288 754 statuere
1313 691 1370 754 tibi
1392 665 1515 764 videor,
1539 711 1609 754 cum

316 806 426 860 totum
449 818 577 860 carmen
594 800 699 881 sapiat
722 801 934 875 iuventutem,
960 801 1171 865 Theocritum
1188 801 1289 884 ipsius
1313 802 1487 864 iuventutis
1518 801 1607 882 parti·

279 983 281 988 ·
313 907 423 970 culam
440 908 670 991 descripsisse?
695 910 745 973 Eo
768 917 876 974 autem
902 921 1060 994 tempore,
1086 913 1174 992 quod
1198 913 1304 984 statui,
1319 911 1440 974 Aratus
1464 911 1609 974 etTheo·

315 1018 413 1080 critus
435 999 624 1082 uicesimum
649 1020 715 1082 lere
738 1037 859 1083 annum
883 1023 1034 1102 agebant,
1061 1040 1160 1102 quam
1183 1030 1324 1084 aetatem
1349 1023 1473 1104 optime
1498 1024 1609 1084 decere

315 1127 430 1200 talem,
462 1129 591 1210 qualem
621 1130 722 1209 spiret
744 1131 785 1193 id.
810 1131 880 1193 Vll.
906 1131 1098 1194 hilaritatem
1135 1141 1168 1194 et
1189 1132 1363 1206 laetitiam,
1388 1133 1492 1194 sciunt
1516 1153 1608 1214 quos·

316 1258 443 1318 cunque
468 1241 596 1302 Μοῦσαι
627 1237 696 1303 ἲόον
720 1235 836 1322 ὄμματι
859 1241 975 1318 παῖδας
998 1241 1041 1325 μὴ
1066 1244 1162 1324 λοξῷ.

404 1326 583 1413 ¹Describit
606 1351 704 1430 igitur
725 1359 823 1432 poeta
846 1351 909 1414 hoc
934 1353 1076 1414 carmine
1100 1372 1193 1414 suam
1210 1352 1431 1426 iuvenitutem,
1457 1373 1532 1414 nam
1556 1353 1608 1431 qui

315 1457 509 1522 Simichidas
532 1469 667 1522 vocatur
692 1471 741 1526 est
763 1461 833 1544 ipse
857 1461 1060 1536 Theocritus,
1086 1461 1126 1525 cs.
1151 1482 1197 1524 vs.
1222 1479 1258 1540 9:

472 1570 526 1633 καὶ
548 1565 775 1654 μ’ἀτρέμας
798 1565 867 1635 εἰπε
891 1570 1098 1656 canapeia...
1127 1570 1458 1664 ›Ecprylda‹...¹)

472 1700 520 1745 vs
545 1697 602 1762 27:
628 1679 688 1744 τὸν
710 1676 814 1763 δ’ὲγὼ
837 1678 1062 1766 ἀμείφθην·
1085 1682 1211 1747 Αυκὶδα
1235 1684 1329 1762 φίλε.
1347 1684 1374 1749 .’.

420 1791 588 1852 Praeterea
611 1811 651 1852 ne
674 1791 854 1872 Lycidas
876 1793 1006 1873 quidem
1033 1802 1145 1874 pastor
1160 1813 1256 1855 verus
1281 1800 1347 1866 est,
1373 1793 1430 1854 sed
1444 1792 1611 1855 Theocriti

314 1900 436 1962 amicus
460 1910 493 1964 et
521 1901 692 1986 collegan:
727 1903 814 1984 quod
846 1902 933 1964 idem
962 1902 1135 1965 dicendum
1166 1912 1215 1964 est
1239 1903 1279 1964 de
1305 1901 1453 1976 Sicelida,
1488 1903 1542 1983 qui
1567 1903 1611 1964 ita

313 2019 458 2076 vocatur.
507 2009 746 2092 Quaesiverunt
778 2023 887 2074 autem
919 2013 975 2079 viri
1006 2013 1094 2075 docti
1125 2032 1253 2075 summo
1284 2000 1394 2076 studio
1416 2014 1457 2074 de
1486 2013 1610 2092 Lycida

313 2119 408 2182 huius
432 2123 583 2184 carminis
606 2132 640 2184 et
663 2132 749 2185 recte
774 2122 814 2188 O.
839 2123 1047 2196 Ribbeckius,
1074 2132 1109 2185 ut
1131 2123 1267 2186 aliorum
1293 2124 1492 2186 coniecturas
1517 2123 1609 2184 omit-

315 2234 383 2293 tam
397 2229 433 2314 ³),
458 2233 519 2295 sub
536 2233 604 2294 eius
627 2234 757 2296 nomine
772 2232 963 2296 Astacidam
985 2242 1118 2312 poetam
1135 2234 1318 2296 bucolicum
1341 2233 1439 2300 latere
1455 2232 1608 2315 statuit.‘¹)

314 2341 399 2404 Nam
423 2339 604 2416 Astacidas
630 2344 719 2406 cuius
743 2343 847 2425 patria
872 2352 940 2404 erat
955 2342 1061 2416 Creta,
1087 2365 1126 2404 eo
1151 2345 1221 2425 ipso
1239 2353 1387 2425 tempore
1415 2344 1610 2406 carminibus

315 2451 468 2514 bucolicis
492 2471 627 2532 operam
651 2454 751 2516 dabat
773 2462 805 2516 et
827 2451 992 2515 Theocriti
1024 2463 1092 2516 erat
1115 2455 1276 2535 aequalis:
1300 2455 1388 2537 quod
1413 2453 1609 2534 intellegitur

315 2579 356 2622 ex
378 2560 563 2625 Callimachi
586 2563 687 2643 epigr.
714 2579 763 2630 22.
789 2562 964 2645 (Maioma),
991 2582 1056 2642 quo
1079 2583 1114 2624 se
1139 2564 1182 2625 ob
1214 2565 1282 2625 eius
1313 2573 1450 2626 mortem
1481 2584 1610 2627 summo

312 2670 398 2734 luctu
421 2671 572 2734 affectum
597 2693 667 2736 esse
690 2673 832 2756 scripsit:

463 2777 650 2866 Άστακίδην
670 2782 731 2847 τὸν
753 2785 879 2867 Κρῆτα,
905 2784 965 2848 τὸν
988 2782 1136 2862 αἰπόλον,
1160 2776 1287 2870 ἥρπασε
1310 2783 1421 2868 νύμφη
1486 2831 1492 2836 -

527 2891 561 2976 ἐξ
583 2889 684 2978 ὄρεος,
707 2894 761 2957 καὶ
784 2903 845 2958 νῦν
866 2891 950 2978 ἱερὸς
964 2890 1157 2980 Ἀστακίὸης.
1509 2907 1512 2914 ’

476 2999 536 3067 οὐκ
559 3000 607 3067 ἔτι
629 3004 817 3086 Δικταίῃσιν
838 2999 904 3067 ὑπὸ
927 3005 1040 3088 δρυσὶν
1062 3001 1123 3070 οὐκ
1145 2997 1196 3070 ἔτι
1220 3004 1350 3086 Δάφνιν

487 3159 489 3164 -
530 3113 687 3197 ποιμένες,
704 3110 888 3199 durachim>
911 3111 1009 3180 ὀάἰέν
1032 3114 1212 3200 ἀεισόμεθα.

370 3209 374 3216 ’
422 3224 472 3287 Ea
505 3243 580 3287 cum
613 3224 779 3288 Theocriti
813 3225 924 3306 idyllio
952 3225 1020 3288 Vll.
1056 3227 1258 3308 comparanti
1281 3227 1450 3289 Ribbeckii
1484 3225 1609 3289 coniec-

317 3344 388 3397 tura
419 3332 598 3397 sclicissima
639 3336 697 3398 tibi
734 3336 910 3399 videbitur:
958 3337 1000 3397 de
1043 3337 1166 3418 Lycida
1199 3337 1283 3399 enim
1326 3335 1407 3400 haec
1442 3348 1611 3419 praeterea

315 3445 483 3524 leguntur:

315 3573 361 3623 vs,
392 3571 439 3624 11.
486 3557 540 3620 καί
563 3551 625 3621 τιν’
648 3549 759 3622 ὁδίταν

474 3663 596 3730 ἐσθλὸν
619 3665 679 3730 σὺν
700 3670 852 3732 Μοίσαισι
876 3670 909 3731 K
917 3667 1130 3734 νδωνικὸν
1151 3662 1282 3753 εὕρομες
1306 3663 1458 3752 ἄνδρα,

424 3960 440 4031 ¹)
460 3961 575 4011 Nominis
593 3963 713 4028 originem
737 3981 812 4030 supra
830 3965 967 4029 designavi.
1005 3963 1042 4012 Cl.
1063 3963 1204 4014 Fabricius:
1224 3965 1284 4014 bibl.
1305 3981 1341 4029 gr.
1362 3964 1401 4012 ed.
1421 3963 1468 4012 IV.
1488 3965 1537 4014 vol.
1561 3965 1611 4017 ΙΙΙ,

316 4071 342 4120 p.
363 4054 421 4117 766.
442 4070 462 4104 c.
482 4063 544 4106 nott.
582 4049 691 4106 Hauler.
705 4057 720 4106 l.
741 4057 757 4106 l.
777 4074 802 4123 p.
822 4058 848 4106 6.

419 4143 439 4215 ²)
460 4146 499 4196 De
527 4148 668 4212 pastoribus
691 4150 829 4215 personatis
854 4149 885 4198 cf.
911 4150 942 4199 G.
969 4151 999 4198 A.
1024 4148 1155 4198 Gebauer:
1184 4150 1223 4199 De
1248 4160 1316 4216 poet.
1345 4168 1381 4216 gr.
1410 4153 1466 4202 buc.
1497 4151 1612 4216 inprimis

311 4239 417 4289 Theocr.
444 4240 573 4290 carminib.
596 4242 622 4290 in
643 4242 699 4293 ecll.
719 4259 734 4292 a
753 4242 826 4306 Verg.
851 4243 980 4307 expressis.
1008 4243 1060 4292 sine
1084 4257 1151 4292 anno
1177 4240 1222 4310 (z
1239 4242 1345 4312 1861r).
1368 4245 1389 4294 1.
1415 4261 1455 4310 cp.
1476 4257 1498 4294 2.
1519 4261 1544 4310 p.
1570 4259 1609 4308 19·

311 4331 428 4382 Meinelre
448 4333 480 4381 ad
499 4333 604 4383 Theocr.
625 4350 649 4399 p.
670 4346 728 4397 314.
749 4343 801 4389 not.
838 4333 940 4383 Hauler.
959 4335 975 4384 l.
995 4335 1012 4382 1.
1031 4351 1056 4399 p.
1076 4348 1100 4396 9.
1119 4351 1187 4400 seqq.
1509 4372 1512 4379 -
1591 4335 1596 4344 '

415 4420 436 4491 ³)
454 4425 483 4474 E.
504 4440 524 4474 c.
544 4427 635 4490 Bergh.
657 4424 748 4494 (index.
771 4426 848 4477 schol.
873 4425 933 4475 Hal.
952 4426 1034 4476 Viteb.
1058 4425 1121 4476 1861
1143 4445 1167 4492 p.
1187 4429 1244 4498 Vl.)
1266 4446 1296 4478 eo
1320 4430 1422 4479 nomine
1441 4431 1545 4479 Aratum
1568 4432 1612 4479 de·

308 4515 400 4580 signari
419 4517 536 4583 opinatus
554 4525 606 4567 est:
630 4525 655 4567 ut
672 4519 763 4568 Aratus
782 4535 832 4568 non
851 4527 888 4568 est
911 4515 1074 4576 Κ-νδωνικὸς
1097 4516 1164 4588 ἁνήρ
1190 4519 1235 4587 (vs.
1258 4519 1323 4591 12.).
1363 4521 1402 4570 Cf.
1424 4521 1548 4572 Fritzsch.
1570 4523 1612 4588 ed¹

318 4608 376 4658 mai.
397 4623 449 4673 arg.
470 4609 528 4660 Vll.
549 4627 574 4674 p.
598 4610 654 4673 196.

414 4697 435 4770 ⁴)
454 4700 494 4752 Cf.
515 4702 613 4770 ephem.
636 4704 923 4768 »Preuss-Jahrmcher·
946 4707 993 4758 vol.
1019 4704 1124 4774 32.·(de
1147 4707 1253 4758 Theocr.
1273 4705 1335 4779 idd.)
