3500 5498
788 517 827 584 25
1154 544 1159 578 ι

160 724 294 805 κολικῴ,
320 761 361 768 —
383 723 514 804 μιγιικρῐ,
603 717 708 804 ἐπικῷ
730 715 808 798 κτλ,
832 720 900 802 ipse
929 718 1075 781 sollemni
1105 699 1187 791 usus
1204 719 1357 800 quoniam
1388 717 1454 781 nul-

158 833 220 893 lius
250 842 368 914 poetae
394 839 521 912 praeter
545 830 710 892 Theocriti
742 832 882 892 carmina
913 832 945 892 in
974 838 1024 892 tot
1045 829 1217 904 εἰὸολλὶοις
1251 829 1453 911 disponenda

159 952 259 1014 erant,
283 941 463 1024 appellatus
479 950 528 1002 est
544 935 562 1004 ὁ
581 946 650 1004 τῶν
674 938 844 1004 εἰδυλλίων
864 940 1010 1025 ποιητής,
1028 941 1086 1002 der
1102 941 1238 1003 Dichter
1255 942 1311 1004 der
1325 941 1452 1004 kleinen

159 1054 295 1136 (naiven
320 1051 489 1114 zierlichen
515 1052 590 1133 etc.)
605 1049 628 1134 ¹)
652 1052 771 1116 Arten:
796 1050 859 1112 hoc
883 1053 1059 1114 memoriae
1076 1052 1232 1114 traditum
1257 1060 1315 1117 est.
1362 1052 1450 1116 Paul·

157 1164 246 1226 latim
269 1173 376 1226 autem
400 1182 467 1246 vox
490 1160 650 1225 εἰὸύλλιον
682 1181 724 1223 ex
754 1161 969 1224 bibliothecae
992 1162 1233 1225 Alexandrinae
1265 1161 1388 1228 scriniis
1420 1164 1452 1226 in

159 1295 252 1336 usum
276 1273 443 1354 vulgarem
468 1272 600 1354 delapsa
630 1291 761 1334 sensum
791 1272 836 1335 ita
863 1273 1053 1347 immutavit,
1084 1259 1124 1334 ut*
1148 1292 1214 1334 non
1246 1272 1351 1335 solum
1380 1292 1451 1334 eam

157 1405 254 1467 quarn
279 1384 346 1446 dixi
369 1384 545 1446 carminum
570 1383 722 1464 speciem,
747 1382 925 1444 sedetiam
950 1383 1014 1444 tale
1039 1402 1177 1457 carmen,
1202 1382 1292 1463 quod
1315 1381 1451 1446 referen-

156 1499 235 1558 dum
259 1505 328 1557 erat
351 1495 381 1556 in
411 1515 482 1557 eam
515 1493 656 1575 speciem
688 1493 889 1573 designaret:
924 1515 963 1556 eo
996 1513 1091 1555 sensu
1125 1494 1265 1575 primum
1294 1502 1451 1574 quantum

157 1609 253 1670 video
273 1606 434 1669 invenitur
456 1604 531 1666 Plin.
557 1605 617 1684 Ep.
643 1603 697 1668 lV.
728 1620 782 1681 14:
810 1605 967 1686 »accipies
990 1621 1064 1666 cum
1086 1603 1149 1665 hac
1171 1603 1308 1684 epistola
1331 1602 1450 1666 hende-

157 1716 339 1797 casyllabos
353 1723 500 1777 nostros.
517 1764 524 1778 .
585 1763 590 1774 .
612 1715 678 1775 sive
697 1713 861 1794 idyllia,
880 1715 948 1777 sive
962 1713 1102 1794 eclogas,
1127 1715 1195 1775 sive
1217 1723 1252 1775 ut
1271 1713 1361 1776 multi
1375 1735 1450 1796 poe·

158 1829 288 1898 matiar„
327 1826 472 1890 Retinuit
495 1825 581 1887 hunc
604 1824 694 1886 vocis
717 1845 846 1887 sensum
860 1825 934 1887 ideo
947 1824 1158 1887 Theocritum
1171 1823 1352 1904 idylliorum
1374 1845 1449 1920 poe-

156 1947 223 1998 tam
239 1932 272 2019 (o‘
284 1943 353 2000 τῶν
365 1931 535 2000 εἰὸυλλίων
548 1957 581 1998 ιι.
597 1933 634 1996 cl.
649 1935 760 2016 supra)
773 1935 972 2016 appellatum
985 1955 1055 1998 esse
1069 1953 1203 1997 censens
1216 1932 1450 1997 Eratosthenes

111 2119 114 2130 Ι
156 2047 395 2128 grammaticus,
422 2047 477 2126 qui
500 2044 632 2126 singulis
656 2044 819 2107 Theocriti
850 2045 1046 2107 carminibus
1070 2052 1263 2125 argumenta
1285 2043 1449 2109 Ahrensio

157 2158 283 2219 videtur
316 2156 543 2239 adscripsisse:
578 2155 617 2221 cl.
654 2175 719 2236 arg.
756 2155 786 2222 l:
822 2153 874 2219 dui
904 2155 963 2238 μὲν
993 2153 1114 2219 τούτου
1136 2161 1195 2218 τοῦ
1219 2153 1390 2233 εἰδυλλὶου,
1413 2153 1449 2219 ἐν

156 2266 266 2350 τούτῳ
289 2269 339 2349 τῴ
361 2265 522 2348 εἰδυλλλῳ.
570 2266 627 2331 lll:
651 2262 865 2350 ἐπιγράφεται
888 2272 946 2348 μὲν
969 2263 1009 2329 τὸ
1030 2263 1191 2330 εἰδύλλιον
1212 2272 1320 2331 τοῦτο.
1367 2265 1447 2332 XV:

155 2375 370 2461 ἐπιγράφεται
395 2377 453 2460 μὲν
476 2375 517 2440 τὸ
538 2375 698 2440 εἰὸύλλιον
729 2374 951 2458 Σορακούοιαι
982 2377 1189 2456 (quamquam
1225 2383 1274 2436 est
1307 2375 1447 2455 mimus).

153 2487 248 2550 XVI:
272 2495 371 2551 τοῦτο
392 2486 431 2551 τὸ
454 2486 615 2550 εἰὸύλλιον
643 2484 829 2568 γέγραπται
852 2484 896 2560 εἰς
924 2479 1052 2570 Ἱέρωνα
1083 2483 1291 2568 (encomium)
1321 2494 1382 2552 etc.
1407 2523 1448 2534 -

153 2597 238 2660 Cum
268 2607 376 2659 autem
400 2597 594 2664 Theocritus
624 2596 699 2656 novi
724 2615 863 2677 poeseos
887 2592 1030 2678 generiS,
1063 2593 1200 2658 bucolici
1223 2595 1306 2670 dico,
1334 2605 1449 2659 auctor

153 2718 249 2781 esset,
275 2708 360 2772 unde
384 2707 520 2788 gloriam
544 2706 594 2767 vel
619 2706 795 2768 maximam
818 2707 877 2767 sibi
902 2705 1039 2787 paravit,
1065 2706 1135 2788 ipse
1167 2725 1300 2787 quoque
1323 2707 1447 2772 sollem-

152 2819 236 2880 niter
258 2813 276 2880 ὁ
299 2824 368 2882 τῶν
382 2821 586 2896 βοοκολικῶν
602 2815 738 2900 ποιητής
762 2825 896 2879 vocatus
920 2825 978 2890 est,
1003 2817 1085 2878 sicut
1108 2815 1228 2878 Aratus
1251 2811 1352 2882 ὁτῶν
1373 2822 1447 2883 Φαι·

152 2927 300 3011 νομένων
323 2951 357 2993 ιι.
384 2923 416 2990 et
439 2927 633 3008 Apollonius
658 2921 675 2990 ὁ
706 2933 775 2990 τῶν
804 2921 1051 3010 Ἀργοναυιιιιῶν
1079 2949 1124 3000 ra,
1157 2947 1354 3009 quamquam
1386 2929 1448 2991 alia

152 3059 283 3120 quoque
306 3037 447 3100 carmina
463 3038 670 3118 scripserunt.
717 3037 768 3100 Eo
790 3046 918 3119 spectat
934 3037 1134 3119 epigramma
1149 3057 1247 3119 supra
1262 3037 1444 3102 laudatum:

302 3139 412 3221 Ἄλλος
434 3142 453 3211 ὁ
474 3151 565 3221 Χῖος·
589 3144 652 3231 ἐγὼ
675 3146 708 3211 δὲ
732 3146 915 3232 θεόκριτος,
941 3142 977 3222 ὃς
995 3145 1065 3210 roid’
1087 3142 1224 3230 ἔγραψα,

298 3253 359 3333 Ιεἷς
382 3256 449 3322 ἀπὸ
470 3265 539 3322 τῶν
562 3261 696 3322 πολλῶν
717 3256 779 3340 εἰμὶ
802 3258 1029 3342 Συρηκοσίων,

314 3367 383 3444 υἱὸς
399 3366 614 3453 Πραξαγόραο
635 3371 841 3452 περικλειτῆς
866 3389 901 3431 τε
930 3367 1072 3452 Φιλίνης·

311 3488 470 3562 μοῦσαν
493 3479 521 3543 d'
544 3475 726 3563 ὀθνεέην
749 3471 874 3542 οὗτοι)
896 3476 1248 3562 ἐφειλκοσοίμην,

153 3590 242 3670 quod
266 3591 421 3670 originem
445 3590 571 3652 videtur
594 3589 722 3650 duxisse
747 3609 788 3650 ex
804 3587 989 3650 Callimachi
1012 3586 1145 3648 literatis
1167 3587 1326 3652 indicibus
1335 3591 1367 3673 λ),
1393 3590 1443 3654 vel

154 3720 275 3774 eorum,
301 3699 355 3780 qui
380 3710 455 3781 post
478 3701 545 3761 cius
568 3709 705 3762 mortem
730 3697 805 3759 illud
822 3719 905 3780 opus
927 3697 1204 3759 continuaverunt.
1251 3698 1337 3762 Nam
1353 3703 1445 3766 niva-

151 3834 220 3885 κας,
254 3812 308 3894 qui
337 3820 516 3883 vocantur,
541 3809 756 3872 Callimachus
787 3829 859 3870 earn
893 3807 1036 3890 inprimis
1065 3808 1108 3868 ab
1141 3827 1272 3870 causam
1304 3811 1445 3874 scribere

152 3923 270 4004 coepit,
296 3931 331 3983 ut
355 3921 458 4002 quivis
483 3920 583 3982 homo
608 3920 722 3981 doctus
745 3918 975 3981 bibliothecam
999 3917 1085 3979 illam
1114 3937 1329 4000 permagnam
1352 3919 1444 3984 facile

153 4033 241 4093 adire
263 4041 383 4113 posset,
409 4040 508 4112 atque
532 4029 721 4092 crediderim
745 4030 777 4090 id
794 4050 877 4112 opus
893 4037 970 4111 post
985 4028 1052 4090 eius
1066 4029 1216 4102 mortem,
1241 4049 1316 4092 nam
1334 4030 1443 4093 biblio-

151 4141 247 4204 theca
270 4142 302 4203 in
325 4141 393 4203 dies
417 4150 513 4203 aucta
537 4149 594 4215 est,
620 4161 640 4202 a
652 4139 867 4202 bibliothecae
880 4139 1069 4202 custodibus
1085 4138 1309 4202 continuatum
1326 4160 1406 4204 esse.
1421 4137 1444 4224 ⁸)

263 4353 281 4420 ¹)
303 4357 365 4406 Dico
384 4373 414 4406 ea
433 4356 519 4406 omnia
537 4372 602 4420 quae
622 4357 706 4404 insunt
722 4355 749 4404 in
768 4349 885 4423 ὀνόματι
905 4350 1114 4422 ὖιιοκοριστικρῐ
1125 4369 1130 4403 :
1161 4361 1212 4403 tum
1232 4355 1320 4404 melius
1339 4356 1445 4420 quadrat

152 4455 265 4498 nostrum
284 4448 348 4500 naiv.
368 4456 422 4497 tum
440 4448 539 4497 zierlich
558 4455 603 4496 etc.

261 4537 281 4606 ²)
300 4539 338 4590 Cf.
367 4541 446 4606 epigr.
468 4539 533 4590 Call.
559 4538 665 4588 XXVII.
689 4555 710 4586 c.
735 4546 787 4588 not.
807 4540 929 4603 Meiuek.,
954 4540 1032 4606 epigr.
1055 4541 1101 4591 VI.
1127 4555 1228 4608 quoque
1245 4540 1304 4589 huic
1329 4541 1445 4612 catalogo

152 4631 225 4682 facile
243 4633 343 4682 inseres.

260 4722 280 4792 ¹)
300 4724 337 4773 Cf.
359 4725 399 4774 Fr.
420 4725 526 4776 Ritsohl.
547 4725 600 4775 l.1.
620 4725 640 4774 l.
661 4737 686 4789 3.
